3270 5476
343 596 406 662 156
745 608 854 672 oleru
875 609 977 661 neore

166 792 328 892 sipbnpu‘
338 781 525 866 gradientes
538 782 582 849 sd
602 781 744 848 invicem
760 779 931 869 fregerunt
945 781 1125 849 arundines
1147 805 1231 849 sues
1270 782 1394 848 Fracte
1404 795 1535 894 W

145 859 295 957 „lm'vrll
339 889 391 947 est
413 904 517 970 coppo
538 883 624 970 regis
655 904 697 949 ex
719 883 928 970 percussione
950 882 1134 965 Willelmi;
1168 885 1256 951 unde
1284 884 1393 950 iratus
1463 852 1531 896 ι.

146 957 277 1060 w
338 1003 398 1048 lex
435 983 598 1070 lmpllem
634 984 714 1050 feel
751 983 789 1049 ln
820 983 1034 1060 willelmum,
1065 985 1117 1050 lla
1154 985 1244 1071 quoe
1277 984 1391 1072 ipsum

339 1082 541 1150 Willelmum
572 1090 607 1150 et
639 1105 762 1171 equum
796 1106 895 1150 suum
928 1083 1077 1151 titubare
1108 1085 1206 1153 feeit:
1240 1091 1276 1153 et
1308 1084 1391 1151 dum

338 1183 525 1252 intenderet
562 1208 638 1252 cum
674 1187 815 1273 dejicere
851 1185 889 1251 in
920 1190 1053 1264 terrem,
1090 1186 1275 1253 declinavit
1308 1186 1392 1252 sellu

338 1286 434 1372 regis,
457 1286 692 1373 descenditque
713 1287 850 1354 celerius
872 1309 933 1354 rex
954 1291 990 1353 et
1011 1293 1172 1373 protenus
1195 1287 1300 1353 ulium
1321 1285 1391 1352 for·

337 1385 457 1452 tiorem
486 1388 654 1469 escendit3
684 1389 871 1475 iterumque
900 1389 1063 1475 impetum
1093 1387 1218 1454 faciens
1240 1388 1277 1453 in
1307 1409 1391 1454 eun·

339 1486 414 1552 dem
436 1486 637 1554 Willelmum
667 1489 806 1576 dejicere
827 1511 896 1557 non
918 1488 1051 1555 veluit:
1088 1488 1276 1556 willelmus
1298 1489 1389 1555 enim

339 1587 480 1654 udhaesit
501 1587 584 1655 oollo
605 1591 683 1676 equi
705 1590 778 1669 sui3
799 1596 835 1657 et
858 1590 1078 1657 comminutus
1101 1597 1152 1656 est
1174 1590 1206 1656 ei
1227 1611 1296 1655 rex.
1341 1587 1391 1654 Et

339 1710 411 1754 cum
437 1689 601 1756 Robertus
622 1690 664 1756 de
686 1691 826 1771 Bretuil,
841 1691 931 1758 filius
953 1691 1091 1757 Roberti
1113 1690 1245 1758 comitis
1264 1689 1391 1756 hices-

338 1789 413 1856 triae
439 1789 673 1870 defunctioni
704 1813 765 1859 rex
795 1793 894 1879 poulo
927 1788 1028 1858 sute¹
1050 1791 1248 1858 comitatum
1283 1790 1389 1877 petris

338 1889 389 1955 sui
412 1890 558 1971 dederet,
574 1895 609 1957 et
630 1893 821 1960 accinxerat
842 1892 874 1959 ei
895 1892 1043 1980 gledium
1067 1891 1247 1959 comitutus
1261 1890 1390 1957 Ileices·

338 1990 421 2069 triae,
451 1991 617 2077 injecisset
646 2014 780 2059 mellum
811 1993 848 2059 in
879 1993 1075 2083 proedictum
1106 1993 1322 2071 Willelmum,
1348 1998 1390 2058 llt

338 2092 507 2158 dominum
530 2114 628 2159 suum
659 2115 769 2181 regem
791 2093 988 2181 sdjuveret;
1016 2100 1034 2129 ‘⁴
1048 2091 1217 2174 Sustine,''
1239 2094 1290 2160 eit
1318 2114 1387 2170 rex,

338 2198 410 2258 “et
443 2193 577 2261 dimitte
609 2216 662 2260 me
695 2203 731 2262 et
762 2195 857 2262 illum
891 2194 1026 2261 solum.''
1073 2195 1225 2281 Cumque
1262 2216 1324 2263 rex
1353 2203 1388 2260 et

338 2294 526 2361 Willelmus
547 2300 584 2362 et
605 2297 702 2362 dictis
723 2300 760 2363 ct
778 2296 876 2363 sectis
897 2297 948 2362 itu
969 2295 1098 2362 diutius
1119 2295 1388 2374 contendissent;

170 2421 273 2468 meuse
337 2418 551 2484 prorumpens
572 2419 633 2463 rex
654 2398 704 2464 eit
733 2398 793 2476 illi,
816 2397 941 2484 “Fuge
962 2397 1050 2474 hinc,
1072 2403 1108 2464 et
1138 2419 1218 2464 euve
1249 2397 1321 2475 tibi,
1345 2417 1388 2463 ne

169 2481 291 2575 iffi-l*
339 2507 358 2534 “
379 2498 520 2586 emplius
542 2520 650 2565 oerum
672 2521 726 2565 me
748 2520 942 2582 comparere,
965 2498 1044 2585 quis
1066 2500 1185 2566 amodo
1208 2503 1243 2566 et
1265 2497 1330 2564 tibi
1352 2503 1388 2565 et

170 2571 293 2666 ww
340 2613 356 2641 ‘⁶
381 2605 448 2670 tuis
469 2624 526 2670 ero
548 2605 700 2671 inimicus
723 2602 928 2693 perpetuus’'
965 2603 1145 2670 Discedens
1166 2605 1280 2691 iteque
1303 2602 1387 2668 Wil-

339 2705 456 2772 lelmus
478 2710 613 2792 propter
634 2706 721 2792 regis
750 2707 833 2772 irem
856 2712 892 2771 et
916 2704 1185 2780 malevolentium
1207 2705 1323 2772 dolens
1351 2708 1388 2772 ct

339 2806 505 2887 confusus,
542 2807 628 2873 abiit
663 2808 707 2873 ed
744 2807 916 2874 dominum
953 2827 1050 2873 suum
1084 2827 1196 2895 regem
1228 2806 1387 2888 Frende,

340 2907 512 2975 consilium
535 2912 570 2973 et
591 2908 754 2974 auxilium
784 2908 956 2996 postulans
982 2907 1025 2974 ab
1049 2929 1089 2975 eo
1110 2930 1209 2996 super
1230 2907 1283 2974 hie
1312 2930 1387 2994 quse

340 3009 377 3073 in
399 3010 456 3074 via
477 3007 671 3075 ecciderunt

207 3120 289 3167 reue
387 3109 428 3174 In
458 3110 603 3175 cruetino
626 3109 721 3175 venit
752 3130 812 3175 rex
844 3108 1003 3186 Frenciae,
1024 3130 1067 3175 ex
1099 3114 1195 3197 perte
1219 3108 1386 3189 willelmi,
1401 3127 1527 3186 swern,

173 3183 320 3279 &w
340 3210 383 3276 ed
407 3232 517 3298 regem
540 3210 680 3299 Angliee,
704 3232 779 3277 cum
801 3209 941 3297 supplici
964 3209 1193 3296 deprecatione
1215 3233 1329 3298 pccem
1352 3181 1523 3278 οὔπω

173 3283 282 3330 m
341 3311 596 3378 misericordium
619 3310 798 3399 postulans,
820 3315 855 3376 et
876 3331 937 3376 rex
958 3309 1069 3376 noluit
1090 3312 1206 3378 audire
1228 3312 1332 3380 illum.

173 3428 309 3538 'eroe
386 3413 450 3479 Die
472 3413 623 3500 sequenti
643 3417 808 3479 venerunt
828 3411 873 3476 ed
893 3431 1005 3499 regem
1028 3432 1135 3478 comes
1151 3412 1525 3533 cornotensis'gffl

174 3542 289 3587 rewers
342 3519 377 3581 et
399 3515 469 3581 dux
493 3514 695 3603 Burgundiae
728 3518 764 3580 et
792 3531 899 3579 comes
927 3512 969 3579 de
991 3513 1123 3580 Nevers
1144 3514 1317 3602 pluresque
1346 3515 1387 3582 de

173 3588 271 3637 'm
340 3616 531 3703 proceribus
564 3614 712 3681 Francius
749 3635 824 3680 cum
861 3609 1056 3680 humillimis
1093 3615 1388 3704 eupilllllffimffl‘un

339 3718 383 3783 ed
404 3739 513 3806 genus
546 3717 617 3805 ejus
650 3715 828 3805 provoluti,
851 3737 913 3804 pro
946 3714 1060 3782 eedem
1095 3738 1131 3783 re
1161 3719 1389 3805 postlllnntes;

340 3819 398 3886 sed
421 3841 480 3885 uec
501 3841 560 3885 rex
590 3839 645 3885 eos
677 3817 793 3883 audire
823 3816 938 3884 voluit.
983 3817 1131 3885 Recessit
1163 3820 1302 3907 proinde
1334 3818 1388 3885 die

374 4068 382 4101 ¹
396 4064 473 4133 poulo
480 4066 552 4133 crte]
571 4065 610 4118 die
621 4064 780 4132 menti,
791 4064 824 4116 ll
887 4066 937 4116 end
947 4065 992 4117 tlre
1002 4075 1080 4118 count
1089 4065 1120 4118 ci
1133 4065 1258 4128 chucus
1269 4066 1326 4118 vllc
1336 4081 1388 4117 ns

372 4145 383 4179 ²
399 4161 475 4196 com
489 4144 661 4211 Cmcuseie]
676 4143 843 4208 srchieplscc·
885 4143 966 4196 better
976 4143 1071 4195 knclru
1082 4159 1111 4196 ss
1122 4151 1200 4197 count
1209 4144 1239 4196 ci
1246 4144 1326 4205 Blois,
1336 4159 1388 4195 ns

339 4240 386 4289 pus
392 4221 841 4286 Centumiendqllcvedenfflcvllc).
886 4221 941 4274 slsc
957 4223 1022 4273 dest
1037 4221 1065 4273 in
1082 4223 1214 4275 Palestine.
1248 4224 1387 4289 Brcmpton

340 4302 454 4366 Perhaps
465 4316 502 4351 se
513 4301 675 4352 shouldrerd
686 4300 842 4365 “episcopus
885 4300 984 4351 sollcrs
1005 4300 1048 4352 the
1069 4310 1130 4353 text
1173 4302 1230 4353 'rue
1252 4302 1341 4367 blsllop
1363 4302 1393 4352 ct

340 4386 356 4410 ⁴¹
374 4379 536 4432 cemorensis
549 4379 575 4440 ς’*
589 4379 628 4430 l‘or
638 4379 680 4430 the
691 4377 842 4442 rrcllbisllop
886 4377 1005 4431 curere
1024 4395 1077 4430 lm
1095 4388 1122 4431 st
1138 4380 1266 4433 ldenine:
1290 4395 1331 4433 see
1347 4396 1388 4448 pp.

340 4460 370 4509 ol
385 4459 541 4524 ranorum
560 4471 613 4509 m
634 4459 698 4510 ceso
711 4463 742 4508 el
763 4457 841 4519 Aere,
862 4434 867 4514 l
889 4462 945 4520 me,
957 4463 1014 4510 leo.
