3270 5476
374 623 438 688 288
779 629 885 685 oasin
907 636 1007 684 araas

226 823 346 921 spurepa
375 811 629 878 Dunelmeneem
651 810 848 899 episcopum,
872 811 915 877 ad
944 810 1154 889 audiendam,
1178 816 1221 891 et,
1246 811 1274 876 si
1296 816 1415 898 posset,

375 915 441 980 fine
464 914 577 1005 dehito
609 913 892 981 determinandam
925 915 1181 981 controversiam
1212 936 1286 1002 quae
1309 918 1417 980 verte·

375 1018 474 1083 batur
495 998 583 1083 iuter
604 1016 684 1083 illos.

211 1140 364 1185 ιιιιιιιιωι
420 1119 486 1200 Qui
509 1141 583 1185 cum
605 1125 680 1208 post
702 1120 848 1186 medium
864 1118 1129 1206 Quadragesimae
1143 1118 1313 1186 venissent
1328 1118 1418 1184 Lun-

211 1195 356 1308 wyse„
376 1222 500 1299 donias,
524 1227 558 1288 et
589 1223 713 1288 ibidem
743 1244 852 1289 coram
883 1223 1030 1310 praedict
1022 1244 1050 1287 rs
1080 1222 1203 1309 regina,
1226 1228 1261 1288 et
1291 1223 1418 1289 Rotho·

210 1304 330 1401 tisthai
330 1307 524 1411 tomegensi
546 1324 793 1413 archiepiscopo,
817 1331 852 1391 et
880 1325 947 1391 fere
977 1325 1080 1391 totius
1101 1323 1234 1412 Angliae
1260 1326 1418 1414 episcopis

376 1428 413 1491 in
436 1449 539 1493 unum
561 1429 776 1515 congregatis,
800 1448 912 1495 musas
942 1448 1017 1493 suas
1042 1429 1292 1514 protendissent,
1315 1428 1418 1546 Hugo

377 1529 605 1595 Dunelmensis
639 1532 807 1618 episcopus
840 1529 961 1596 obtulit
991 1551 1112 1617 ponere
1135 1552 1169 1595 se
1199 1532 1236 1596 in
1266 1531 1417 1597 examine

378 1632 526 1719 praefatae
562 1631 685 1719 reginae
722 1639 757 1698 et
794 1632 1028 1720 archiepiscopi
1066 1631 1339 1720 Rothomagensis
1384 1639 1419 1699 et
1464 1688 1476 1704 .

377 1734 523 1798 omnium
558 1733 781 1821 episcoporum
812 1733 953 1821 Anglise,
987 1734 1087 1800 salvis
1123 1733 1304 1822 privilegiis
1340 1735 1417 1802 suis.

210 1847 338 1944 ιιιιιιοιιῃι
377 1834 442 1899 Sed
476 1835 736 1951 archiepiscopus
768 1836 982 1903 Eboracensis
1013 1837 1123 1903 noluit
1159 1858 1279 1924 ponere
1310 1858 1344 1904 ss
1380 1838 1417 1903 in'

210 1900 346 2045 {ciffi
378 1934 528 2001 examine
551 1937 693 2016 illorum,
715 1938 780 2004 nisi
804 1938 1035 2005 Dunelmnsis
1057 1941 1226 2027 episcopus
1248 1939 1339 2026 prius
1360 1961 1418 2005 ve·

209 2050 363 2098 humane.
376 2038 479 2104 nisset
511 2039 553 2104 ad
585 2038 702 2105 limina
733 2040 824 2106 beati
847 2041 939 2106 Petri
962 2041 1176 2107 Eboracensis
1198 2040 1418 2108 absolvendus

376 2141 418 2205 ab
442 2162 488 2219 eo,
512 2141 578 2206 et
568 2163 604 2205 m
627 2142 810 2209 omnibus
796 2142 864 2229 Juri
888 2144 1063 2230 pariturus.

210 2258 324 2356 Ιιιιιιᾶιῖῑιιιιιέ
420 2241 517 2322 Quod
555 2263 628 2308 cum
665 2242 897 2309 Dunelmensis
934 2245 1102 2333 episcopus
1139 2247 1296 2325 audisset,
1329 2247 1417 2314 dixit

210 2360 314 2456 psoras
375 2345 559 2431 quodcum
590 2344 830 2463 archiepiscopo
854 2346 1051 2413 Eboracensi
1078 2369 1190 2435 pacem
1213 2349 1339 2415 nullam
1370 2349 1418 2415 fa-

209 2411 637 2557 1ιωιιιιοιιοι,ιιιιιὶιιι
660 2448 792 2534 proprio
819 2468 873 2513 ore
896 2471 954 2514 suo
977 2451 1143 2516 confessus
1172 2451 1287 2516 fuisset
1310 2474 1418 2518 coram

209 2563 295 2607 auen
296 2565 335 2608 ιιι
375 2550 465 2615 omni
499 2549 630 2637 populo,
655 2555 690 2614 et
721 2550 866 2615 maxime
897 2551 933 2615 in
964 2551 1163 2618 Eboracensi
1194 2553 1337 2633 ecelesia,
1359 2554 1417 2619 ubi

375 2653 573 2719 sententiam
612 2651 961 2719 excommunicationis
997 2655 1033 2718 in
1072 2677 1110 2721 eo
1147 2655 1291 2736 dederat,
1329 2659 1418 2744 quod

373 2733 540 2834 sdntentia
561 2755 621 2821 illa
643 2757 735 2821 nulla
764 2754 831 2820 fuit
860 2776 920 2820 nec
942 2756 1048 2821 teneri
1071 2742 1193 2823 debuit.
1240 2758 1305 2824 Sed
1328 2760 1415 2824 Eho-

374 2859 516 2926 raoensis
555 2859 816 2946 archiepiscopus
854 2878 914 2922 nec
950 2854 1034 2923 illud
1072 2857 1176 2925 iacere
1213 2861 1321 2927 voluit
1356 2883 1417 2929 nec

373 2964 486 3031 dicere

208 3083 361 3184 aeman
416 3066 581 3132 Praeterea
602 3065 780 3152 pradictus
794 3061 1007 3130 Eboracensis
1029 3056 1287 3152 archiepiscopus
1309 3067 1545 3153 primariam
1514 3109 1552 3148 en,

373 3169 426 3234 die
449 3192 514 3255 qua
537 3167 727 3234 Luudonias
749 3166 851 3246 venit,
874 3165 952 3232 fecit
978 3172 1109 3253 portare
1132 3174 1209 3232 ante
1232 3190 1266 3234 se
1288 3190 1416 3235 crucem
1427 3147 1552 3244 aoid?

207 3242 309 3343 ffiid
316 3293 341 3335 ιι
372 3296 466 3340 suam
488 3296 509 3338 a
524 3274 621 3339 Novo
636 3271 806 3359 Templo,
797 3292 833 3335 ιιι
856 3292 921 3358 quo
944 3271 1130 3357 hospitatus
1153 3276 1350 3358 eretusque
1373 3273 1417 3338 ed

206 3324 342 3437 pffihoo
307 3405 348 3446 oc·
373 3374 723 3442 westmonasterium.
756 3375 814 3440 sed
837 3373 997 3441 Ricardus
1021 3371 1265 3440 Lundoniensis
1297 3376 1417 3461 episco-

207 3443 339 3539 titii*
373 3500 434 3566 pus
456 3485 490 3544 et
513 3480 622 3544 caeteri
646 3478 732 3543 Cant
718 3477 893 3543 turriensis
923 3477 1066 3543 eoclesiae
1097 3475 1297 3563 suffraganei
1327 3499 1418 3543 mur-

207 3543 306 3590 emb
279 3546 356 3599 rcum
373 3586 589 3647 muraverunt
622 3580 699 3645 inde
721 3580 880 3645 adversus
912 3602 1036 3658 eume
1038 3579 1326 3666 tprohibuerunt
1357 3580 1416 3659 illi,

227 3704 338 3748 ιιιιιιο.
372 3707 413 3749 ne
436 3684 577 3770 amplius
599 3688 761 3770 portasset
781 3703 854 3747 eam
875 3682 912 3746 in
934 3682 992 3747 ille
1014 3682 1143 3762 diocesi,
1160 3683 1305 3749 dicentes
1328 3681 1417 3769 quod

372 3782 564 3872 siampliua
587 3788 718 3872 portare
740 3784 1010 3872 praesumpsisset,
1035 3783 1086 3848 illi
1108 3805 1181 3850 eam
1204 3785 1414 3872 frangerent:

372 3894 407 3955 et
437 3890 473 3953 in
496 3889 558 3954 hoc
592 3888 679 3975 quod
714 3908 785 3953 eam
813 3887 886 3973 jam
917 3891 1110 3974 portaverat
1140 3887 1308 3954 habehant
1342 3889 1417 3955 eum

373 4014 432 4080 pro
455 3990 756 4057 excommunicato:
789 3994 824 4055 et
849 3990 921 4076 jem
952 4011 1024 4056 eam
1046 3989 1219 4078 fregissent
1245 3981 1311 4057 nisi
1332 3997 1418 4058 esset

373 4094 463 4160 filius
496 4094 584 4181 regis
607 4099 641 4159 et
663 4093 749 4180 regis
772 4091 883 4172 frater,
912 4098 946 4158 et
980 4092 1089 4157 adhuc
1118 4114 1225 4158 novus
1258 4093 1417 4182 archiepi-

206 4217 344 4271 reeaaaop
373 4219 496 4284 scopus
542 4193 725 4262 Praedictus
739 4217 818 4261 vero
834 4195 1076 4262 Lundoniensis
1098 4196 1267 4283 episcopus
1282 4195 1317 4261 N
1318 4219 1417 4263 ovum

206 4268 334 4371 (ι’ἷιιᾪῖιιῗιι
374 4300 592 4387 Templum,¹
583 4321 617 4364 m
650 4321 714 4384 quo
749 4297 1008 4385 archiepiscopus
1043 4298 1229 4385 hospitatus
1251 4293 1369 4378 iuerat,
1397 4322 1418 4365 a

206 4370 307 4473 isichii
374 4401 498 4468 Divino
535 4402 707 4489 suspendit
744 4399 849 4466 officio
890 4405 924 4465 et
961 4423 982 4464 a
1019 4422 1252 4487 campanarum
1297 4401 1418 4468 sonitu.

206 4470 352 4624 iffi„
374 4505 507 4571 Unde
498 4525 567 4592 ipae
590 4503 806 4569 Eboraoensis
837 4502 1097 4591 archiepiscopus
1131 4503 1244 4569 dolens
1275 4507 1310 4569 et
1341 4525 1416 4569 con-

207 4629 350 4681 ιᾙιιωιιιι
374 4607 475 4685 fusus,
498 4607 595 4674 citius
616 4605 694 4672 inde
717 4605 850 4673 recessit
871 4627 964 4672 cruce
986 4628 1047 4673 sua
1068 4628 1135 4672 non
1158 4610 1370 4693 comportata
