3270 5476
69 3398 187 3452 namn,
272 3395 292 3421 ⁴⁸

68 3452 186 3497 Um.

681 626 832 678 messus
1185 648 1189 654 ·
1214 616 1275 679 241

233 803 400 870 muniente
444 804 497 869 vel
533 802 737 891 suspendere,
775 804 839 869 nisi
875 775 917 869 de
952 802 1085 890 speciali
1121 801 1278 869 mandato
1304 807 1427 856 annea

233 905 352 988 summi
374 905 560 993 pontificis;
582 910 655 972 tum
670 904 751 992 quia
773 904 862 972 'dem
883 904 1054 993 episcopus
1075 902 1177 969 semel
1198 869 1431 1018 iecitffiffe

231 1007 421 1075 canonicam
443 1006 666 1074 obedientism
694 1005 837 1074 coclesiae
867 1004 1067 1073 Eboracensi
1089 1008 1125 1072 et
1148 1004 1413 1092 &geronem
1447 1027 1451 1034 ·

232 1108 432 1175 Eboracensi
446 1106 683 1195 archiepiscopo
706 1112 742 1174 et
763 1108 835 1194 ejus
848 1106 1094 1174 successoribus
1134 1104 1276 1172 Dicebat
1287 1072 1436 1218 ff&

231 1211 319 1276 enim
342 1209 540 1286 Omlestinus
564 1229 660 1297 papa,
688 1230 820 1276 sumens
848 1214 1080 1297 argumentum
1102 1229 1125 1274 a
1145 1206 1414 1316 majori-ponem

230 1311 301 1390 bus,
325 1311 413 1398 quod
434 1332 535 1398 greve
556 1315 643 1377 esset
664 1331 748 1377 onus
768 1315 805 1382 et
825 1308 1037 1398 importebile
1059 1309 1088 1375 si
1111 1307 1275 1395 oportuis-
1287 1283 1393 1425 ἐξ

230 1406 281 1480 set
310 1413 568 1500 archiepiscopos
589 1417 625 1478 et
653 1413 820 1500 episcopos
841 1417 877 1479 et
897 1416 1033 1479 ceteros
1063 1409 1274 1476 ecclesiarum

229 1520 371 1581 rectores
391 1535 519 1602 semper
539 1514 695 1581 reiterare
726 1513 959 1601 profmionem
990 1534 1092 1591 suam
1127 1511 1275 1597 quando·

229 1638 358 1704 cunque
371 1637 478 1683 novus
499 1637 586 1704 popa
607 1615 843 1684 institueretur.
889 1614 1055 1682 Preterea
1076 1613 1166 1680 idem
1188 1633 1274 1700 pepe

231 1717 430 1786 Ooelestiuus
463 1716 583 1803 edjccit
614 1717 652 1792 iu
683 1716 848 1784 mendatis
883 1716 953 1783 suis
989 1716 1078 1804 quod
1115 1715 1275 1804 prefatus

230 1818 445 1887 Eboracensis
465 1818 724 1906 archiepiscopus
745 1817 801 1885 vel
822 1817 1045 1906 suspensionis
1067 1816 1122 1884 vel
1145 1837 1274 1883 excom·

229 1921 460 1988 municsticnis
491 1919 691 1987 sententiam
720 1918 909 2008 proferendi
930 1919 967 1984 in
989 1918 1167 2007 prefatum
1205 1916 1278 1982 Du·

229 2023 427 2089 nelmensem
442 2021 628 2111 episcopum
650 2021 776 2087 nuliem
797 2020 841 2086 de
861 2024 980 2088 cetero
994 2021 1117 2087 hebeat
1131 2024 1275 2106 poteste-

231 2127 308 2190 tem
353 2123 435 2190 Haec
467 2128 581 2189 temen
611 2120 756 2188 sufficere
785 2143 853 2187 non
879 2126 1035 2209 poteram
1057 2119 1276 2186 Duuelmensi

236 2224 394 2311 episcopo,
416 2223 474 2290 sed
495 2223 620 2290 remisit
649 2223 786 2290 nuncios
807 2243 885 2289 suos
906 2222 949 2289 ed
969 2243 1134 2290 summum
1164 2221 1276 2309 ponti·

230 2324 325 2391 ficem
347 2324 517 2413 postulans
537 2329 578 2390 ut
598 2324 668 2412 ipse
683 2346 725 2390 ex
745 2328 820 2391 toto
840 2323 1012 2391 absolutus
1028 2329 1114 2390 esset
1132 2345 1158 2395 ,e
1174 2321 1275 2409 juris-

230 2426 375 2494 dictione
408 2425 620 2494 Eboracensis
650 2425 894 2513 archiepiscopi,
931 2424 1090 2512 quemdiu
1126 2424 1193 2490 duo
1226 2425 1277 2490 illi

231 2529 403 2595 vixissent

276 2629 418 2695 Interim
439 2628 547 2696 clerici
568 2651 650 2716 quos
674 2628 842 2695 Waltcms
866 2628 1142 2716 Rothomagensis
1171 2626 1425 2706 archi-rums·

231 2731 403 2818 episcopus
432 2730 572 2798 Romam
602 2730 738 2797 miseret
768 2736 845 2818 post
877 2730 1094 2816 dejectionem
1117 2728 1277 2795 Willelmi
1287 2702 1433 2807 tw·

232 2832 373 2898 Eliensie
394 2831 546 2920 episcopi,
569 2853 644 2898 cum
673 2832 797 2898 litteris
819 2831 887 2898 suis
909 2837 1041 2899 etcum
1063 2831 1186 2897 litteris
1209 2830 1276 2917 epi·
1288 2802 1435 2907 mxi

231 2954 401 3020 scopcrum
432 2933 564 3020 Anglise
596 2933 705 2999 missis
735 2938 852 3000 contm
884 2933 1078 3020 praedictum
1111 2904 1435 2997 Elienscmmm

232 3035 427 3122 episcopum,
450 3034 487 3100 in
508 3034 570 3101 hac
588 3034 696 3102 forma
709 3034 910 3122 scripserunt
927 3033 1060 3101 domino
1078 3054 1138 3099 suo
1152 3032 1279 3098 Retho-

234 3136 380 3223 megensi
402 3135 652 3223 archiepiscopo.

525 3391 864 3466 gretiaBothomagensi
880 3391 1107 3464 achiepiscope,
1125 3392 1278 3448 carissimo
1357 3393 1446 3441 curcei

237 3478 257 3504 ⁴·
276 3475 392 3532 somno
415 3482 446 3532 oc
468 3476 555 3548 petri,
575 3476 676 3532 oleris
703 3476 759 3542 sus,
780 3477 915 3534 meum.
959 3475 1130 3532 emisena·
1147 3451 1396 3548 pem-3021?

238 3562 257 3588 “
276 3565 307 3615 et
330 3558 445 3615 lsbcres
472 3577 546 3631 quos
570 3558 602 3615 in
625 3559 676 3614 ria
701 3559 809 3632 saepius
834 3577 889 3616 nos
916 3559 1046 3632 oportuit
1069 3559 1223 3626 sustinere,
1249 3567 1280 3616 et

238 3646 257 3671 ⁴⁸
277 3642 356 3715 quod
381 3642 549 3715 frequenter
574 3642 690 3699 insidiis
720 3642 884 3709 declinatis,
915 3642 1032 3699 tandem
1062 3642 1219 3700 incidimus
1248 3642 1280 3698 in
1312 3658 1426 3704 resur.

238 3728 258 3754 “
276 3725 414 3790 mones,
436 3726 578 3797 bonisque
603 3725 737 3782 omnibns
762 3732 871 3798 preter
895 3724 1037 3797 quosdam
1061 3742 1152 3797 equos
1177 3733 1208 3782 et
1232 3725 1280 3782 lit-

239 3811 258 3837 “
278 3814 368 3873 teras,
388 3809 515 3881 spoliati,
543 3809 606 3865 siue
633 3808 713 3864 omni
733 3809 842 3866 viatico
858 3808 993 3865 venimus
1011 3808 1042 3863 in
1059 3808 1162 3864 urbem
1181 3825 1279 3880 eump-

239 3895 259 3921 ⁴‘
278 3898 392 3949 tussam
419 3893 507 3949 tertio
532 3892 600 3949 idus
626 3892 790 3958 Febrnsrii
817 3891 895 3964 apud
920 3892 998 3948 beati
1021 3891 1104 3948 Petri
1127 3891 1280 3948 ecclesiam

240 3979 259 4003 ‘¹
279 3976 362 4031 curia
378 3972 584 4033 commorante.
621 3975 670 4031 Ibi
693 3976 858 4032 invenimus
885 3975 1052 4032 concellarii
1077 3975 1198 4031 ciericos
1220 3976 1281 4048 jsc·

240 4062 259 4086 ‘⁸
279 4065 373 4115 tontes
399 4057 535 4130 plurima,
562 4065 593 4114 et
617 4058 720 4126 multe,
747 4065 783 4115 nt
804 4057 971 4125 ridebam,
996 4059 1191 4131 prosperitate
1209 4077 1282 4131 geu·

243 4149 260 4168 ‘·
280 4142 389 4198 dentes.
427 4142 505 4198 Nam
521 4141 616 4215 plener
633 4141 791 4215 legationis
814 4142 908 4198 officio
932 4143 1096 4214 impetrato,
1119 4143 1183 4212 jam
1204 4161 1281 4215 saepe
1293 4147 1409 4200 'rhem

241 4229 260 4253 “
280 4225 414 4281 dominus
431 4243 509 4298 pape
525 4232 557 4281 et
572 4224 766 4281 cardinalium
783 4223 904 4296 quidam
920 4224 1034 4280 Elisusi
1054 4224 1191 4297 episcope
1214 4243 1281 4281 cum
1293 4197 1399 4291 fflss

241 4312 260 4335 “
280 4308 492 4380 subscriptione
510 4309 603 4380 legati
621 4326 690 4364 sues
708 4307 847 4381 epistolas
865 4308 1048 4380 dirigebam
1073 4314 1104 4363 et
1122 4308 1186 4379 jam
1202 4309 1282 4380 prin·
1294 4297 1418 4390 §⁰³2⁰

241 4394 260 4420 ⁴·
277 4393 423 4464 cieuses
447 4392 603 4463 legacionis
630 4392 750 4448 emes
775 4392 883 4449 nmen
911 4391 981 4448 inde
1004 4391 1133 4448 mesum
1155 4392 1280 4457 censs,
1294 4346 1425 4491 gilii*

241 4477 261 4502 ‘⁸
281 4491 345 4530 sese
357 4476 488 4531 recessui
505 4475 670 4531 imminenti
681 4474 780 4532 nuncii
791 4475 1019 4547 procingebant.
1055 4474 1174 4531 Etenim
1191 4474 1284 4531 domi·

241 4559 261 4584 ⁴⁸
280 4573 352 4612 num
368 4573 474 4630 papam
491 4574 526 4612 ex
543 4562 605 4615 toto
615 4575 745 4631 -prouum
763 4557 928 4616 invenimus
946 4563 981 4616 ut
997 4563 1098 4630 parces
1115 4558 1281 4615 cancellarii

330 4656 407 4707 vot.
430 4656 466 4708 11.
1127 4657 1151 4718 Q
