3270 5476
373 606 437 672 240
778 617 885 669 orara
907 618 1008 668 asora

223 819 343 869 amum
371 813 439 859 non
476 814 575 860 ausus
612 793 735 860 ibidem
769 794 896 861 diutins
929 815 1055 861 moram
1094 793 1208 872 lacem,
1243 795 1279 861 in
1312 795 1550 865 Ooenanweuss

241 871 333 926 ΨΜ
372 895 508 962 Domini
538 895 775 978 transfretavit,
805 901 839 963 ct
869 897 1031 985 applicuit
1060 899 1151 985 apud
1184 898 1349 980 Witsand,
1381 870 1554 965 olmMt

373 998 514 1064 multum
530 999 753 1067 comminatus
775 1005 826 1065 est
847 1000 940 1086 genti
962 1000 1101 1089 Angliaa

207 1109 331 1204 gpoghm·
418 1099 465 1165 lit
487 1100 685 1180 novissimus
707 1122 797 1168 error
818 1100 962 1167 hominis
984 1101 1073 1167 illius
1095 1106 1167 1169 erat
1189 1101 1280 1189 pejor
1302 1103 1415 1190 priore

206 1172 343 1312 {iffi
374 1202 448 1289 Ipse
471 1203 568 1283 enim,
593 1208 632 1268 ut
653 1202 833 1283 dicebatur,
864 1203 979 1269 statim
1009 1208 1183 1290 postquam
1205 1203 1416 1291 applicuerat,

232 1329 348 1372 raras.
372 1304 518 1390 perrexit
548 1305 591 1370 ad
621 1302 811 1393 Philippum
841 1325 951 1391 regem
974 1304 1134 1381 Francia,
1157 1305 1328 1372 inimicum
1357 1305 1416 1372 do-

205 1405 334 1498 ffllffl
372 1408 454 1474 mini
477 1408 529 1472 sui
551 1407 636 1495 regie
658 1406 798 1495 anglia,
822 1412 857 1473 et
878 1407 1082 1472 familiariter
1113 1428 1187 1474 cum
1219 1430 1258 1473 eo
1291 1429 1415 1474 moram

205 1495 348 1590 {ww
371 1508 502 1587 iaciens,
525 1508 631 1574 multa
652 1508 857 1576 machinatus
880 1515 938 1587 est,
970 1515 1009 1574 ut
1038 1509 1218 1590 dicebatur,
1248 1510 1286 1576 in
1307 1509 1416 1598 perni-

373 1612 455 1678 ciem
478 1611 564 1697 regis
587 1612 711 1677 domini
734 1611 785 1677 sui
808 1616 843 1677 et
865 1611 965 1697 regni

207 1721 312 1776 oens,
417 1712 542 1779 Eodem
573 1734 660 1778 anno
690 1711 867 1779 (laufridus
888 1712 1102 1778 Eboraoensia
1124 1712 1224 1792 dedit,
1259 1719 1300 1778 et'
1324 1717 1416 1780 carta
1428 1733 1553 1787 amena.

207 1773 345 1918 namot?
372 1836 432 1880 ana
453 1814 670 1892 confirmavit,
693 1814 837 1880 abbatim
851 1814 1149 1880 sanctimonialium
1166 1815 1205 1880 de
1222 1814 1415 1893 Godestoue,
1426 1784 1550 1881 323

223 1904 336 2018 'mol’
372 1921 538 1987 ecclesiam
572 1921 685 1987 Sancti
721 1921 902 1988 Clementis
924 1921 965 1986 de
988 1920 1142 1999 liberam,
1165 1942 1265 2007 quam
1287 1921 1415 1988 'l'urati-

372 2045 435 2088 nus
457 2023 668 2089 Eboraoensis
690 2023 949 2110 archiepiscopus
971 2022 1127 2089 fundavit
1150 2022 1187 2087 in
1214 2022 1318 2090 firndo
1348 2045 1415 2101 suo,

371 2131 406 2190 ct
427 2126 687 2191 sanctimoniales
710 2127 781 2191 Deo
802 2125 839 2189 in
860 2130 1056 2212 perpetuum
1090 2124 1267 2190 servituras
1296 2126 1415 2191 consti·

372 2227 440 2293 tuit
463 2227 499 2291 in
521 2249 566 2294 ea.
612 2227 695 2308 Quae
728 2249 802 2293 cum
836 2226 879 2292 ab
912 2227 992 2314 ipsis
1027 2225 1251 2292 fundamentis
1273 2226 1415 2294 ecclesioe

371 2330 474 2394 libera
505 2328 695 2408 exstitisset,
718 2335 753 2394 et
774 2327 857 2394 nulli
881 2329 992 2394 domui
1022 2333 1105 2393 esset
1130 2328 1285 2414 subjecta,
1307 2329 1415 2416 indig-

372 2437 452 2496 nata
474 2438 524 2497 est
546 2430 624 2496 inde
647 2431 754 2496 Alicia
777 2431 939 2516 priorissa,
962 2435 997 2495 et
1019 2451 1130 2496 omnes
1152 2430 1415 2497 sanctimoniales

373 2533 517 2620 ejusdem
552 2532 693 2599 eeclesiae
725 2532 840 2598 Sancti
874 2532 1054 2599 Clementis
1091 2531 1340 2619 appellaverunt
1371 2533 1415 2598 ad

373 2657 537 2701 summum
559 2636 749 2722 pontificem
771 2656 830 2721 pro
851 2633 1006 2700 libertate
1028 2633 1170 2701 ecclesian
1192 2656 1260 2701 sure
1281 2635 1414 2702 tuenda

205 2752 360 2848 r'appgpm
373 2738 418 2803 Et
449 2737 587 2824 praefata
618 2736 772 2822 priorissa
803 2736 917 2801 statim
953 2741 1029 2822 post
1060 2735 1314 2825 appellationem
1351 2737 1415 2803 iter

206 2816 335 2947 heaf-ln
373 2839 513 2925 arripuit
536 2839 579 2903 ad
601 2859 765 2904 summum
788 2836 983 2924 pontificem.
1039 2837 1105 2903 Sed
1128 2837 1341 2903 Eborecensia
1363 2860 1415 2903 ar-

276 2909 302 2947 to

206 2954 340 3057 &03⁰⁶
373 2940 595 3028 chiepisoopus
617 2940 652 3004 in
675 2938 766 3004 nullo
790 2938 937 3004 deferens
971 2939 1185 3025 appellationi
1215 2961 1334 3017 earum,
1358 2961 1415 3006 ex·

205 3055 357 3150 getgppepni·
372 3042 628 3108 communicavit
661 3062 724 3120 eas,
756 3040 834 3126 quia
864 3039 1042 3106 noluerunt
1076 3040 1208 3106 obedire
1238 3041 1351 3107 domui
1372 3042 1414 3106 de

320 3136 326 3149 ⁸
373 3144 567 3220 Godestoue‚
627 3163 678 3208 uae
716 3147 766 3207 est
803 3143 838 3206 in
876 3143 983 3207 eisco
1027 3148 1065 3207 tu
1103 3142 1281 3210 Linoolniae
1327 3142 1415 3209 inter

374 3243 564 3312 oxenforde
586 3165 627 3309 el
643 3243 803 3310 wreus
895 3163 917 3228 p
983 3164 1026 3229 pl
1282 3193 1291 3224 '

207 3390 231 3437 Η
286 3391 313 3435 0,
418 3345 557 3412 Interim
592 3344 693 3432 Hugo
738 3343 970 3410 Dunelmensis
1014 3343 1184 3432 episcopus
1227 3345 1415 3432 frequenter

204 3489 327 3546 mm
373 3448 465 3513 misit
479 3446 712 3513 nunciossuos
735 3445 778 3511 ad
800 3445 1016 3512 tloelestinum
1030 3467 1195 3511 summam
1217 3448 1414 3533 pontificem.

206 3541 347 3635 ww
372 3550 419 3615 Et
440 3550 517 3614 licet
539 3570 623 3635 papa
644 3554 679 3613 et
700 3548 798 3613 multi
817 3546 1034 3613 cardinalium
1049 3568 1179 3613 sarisam
1201 3546 1415 3614 Eboraoensis

206 3640 343 3743 fflffl?
372 3651 604 3738 archiepiscopi
639 3649 745 3715 modis
780 3648 931 3714 omnibus
960 3647 1130 3726 fovissent,
1156 3654 1268 3714 tamen
1290 3650 1415 3716 Dunel·

205 3743 352 3844 mmm
373 3752 493 3817 urende
516 3751 684 3838 episcopus
707 3748 842 3816 tandem
857 3750 989 3816 invenit
1012 3750 1156 3837 gratiam
1176 3750 1265 3836 apud
1287 3773 1416 3838 papam,

205 3841 332 3887 ‘mmm‘
372 3855 453 3919 adeo
468 3845 555 3939 quod
577 3852 646 3938 ipse
667 3857 702 3917 et
723 3850 869 3917 universi
891 3850 1070 3916 cardinales
1090 3851 1321 3938 judicaverunt
1340 3874 1415 3919 sen·

272 3996 275 4002 ·
372 3955 512 4021 tentiam
535 3952 757 4018 anathematis
779 3973 878 4038 quam
908 3952 1121 4017 Eboracensis
1155 3952 1415 4041 archiepiscopus

373 4055 495 4121 tulerat
533 4056 568 4119 in
606 4055 793 4141 episcopum
831 4053 1096 4129 Dunelmensem‚
1129 4052 1255 4119 nullam
1292 4053 1416 4135 fuisse3

373 4164 445 4223 tum
468 4156 548 4242 quia
570 4155 658 4221 idem
681 4155 850 4241 episcopus
871 4155 980 4220 fuerat
1010 4154 1129 4220 Romae'
1157 4160 1364 4221 consecratus
1392 4179 1415 4222 a

373 4278 501 4323 summo
524 4257 703 4344 pontifice;
734 4262 808 4320 tum
838 4256 918 4342 quia
940 4256 1106 4321 sententia
1129 4241 1186 4321 illa
1207 4263 1282 4344 post
1303 4258 1415 4346 appel·

373 4361 528 4425 lationem
566 4358 684 4423 factam
717 4359 753 4422 in
784 4378 858 4421 eum
891 4356 960 4422 lata
995 4357 1068 4435 fuit,
1100 4363 1174 4423 tum
1212 4359 1290 4444 quia
1325 4360 1414 4426 idem

375 4460 607 4527 Dunelmsnsis
629 4459 797 4546 episcopus
819 4458 862 4524 ab
884 4463 957 4524 octo
980 4458 1033 4524 vel
1056 4457 1205 4544 pluribus
1232 4461 1324 4548 papia
1346 4462 1414 4548 pri·

380 4562 557 4638 vileuiatus
580 4560 654 4639 fuit,
682 4559 771 4646 quod
793 4557 905 4625 nullus
925 4564 1040 4650 potens
1061 4567 1147 4626 comt
1167 4558 1263 4628 illum
1283 4582 1413 4633 excom
