3270 5476
375 620 438 685 140
780 632 889 686 oms
909 633 1012 685 nrum

223 810 345 909 w
370 806 458 889 filiae,
474 807 592 875 fratres
606 812 667 874 aut
687 830 811 875 sorores
826 808 896 896 ejus
918 807 1064 875 habeant
1086 829 1137 875 res
1151 828 1226 874 suus
1240 805 1418 874 secundum
1431 812 1557 910 {lamp

325 893 334 909 ⁰
371 909 459 996 qnod
490 910 661 977 ostendere
694 911 843 998 poterint
877 931 912 976 se
949 932 1017 976 esse
1047 909 1293 998 propinquiores
1329 908 1421 974 illins

371 1010 533 1078 haeredes:
558 1013 612 1078 vel
633 1011 661 1078 si
691 1011 867 1078 defunctus
890 1032 950 1079 nec
982 1011 1069 1078 filios
1091 1033 1152 1078 nec
1184 1011 1277 1091 filiae,
1301 1011 1420 1076 fratres

206 1115 331 1211 affin
370 1135 430 1179 nec
449 1134 574 1180 sorores
602 1113 763 1192 habuerit,
783 1134 844 1180 rex
865 1112 986 1180 catalla
1007 1112 1135 1179 habeat
1182 1113 1279 1180 Hanc
1307 1117 1420 1179 autern

370 1215 516 1301 quietam
546 1214 757 1281 ele-mantiam
789 1215 831 1282 de
853 1214 972 1294 arech,
994 1212 1074 1283 fecit
1106 1235 1167 1281 rex
1190 1214 1357 1292 Ricardus,
1384 1219 1421 1280 ct

227 1321 345 1370 ‘outr-
370 1321 461 1382 carta
494 1337 552 1383 sua
587 1316 802 1394 confirmavit,
827 1337 917 1383 anno
938 1315 1080 1382 secundo
1102 1316 1196 1402 regni
1222 1315 1282 1396 aui,
1310 1337 1420 1383 menso

371 1417 516 1496 Octobri,
539 1418 627 1505 apud
650 1417 859 1499 Messanam
884 1417 1026 1485 testibrm
1056 1417 1128 1496 his,
1149 1418 1295 1485 Waltero
1318 1416 1421 1484 Roto

371 1520 518 1606 magensi
540 1519 789 1608 archiepiscopo,
806 1517 968 1587 Gimrdo¹
984 1519 1148 1586 Auxiensi
1170 1520 1421 1609 archiepiscopo,

371 1620 394 1686 J
397 1621 525 1688 ohanne
554 1620 741 1687 Ebroioenai
771 1627 805 1687 et
839 1620 1008 1688 Bernardo
1037 1620 1231 1688 Baonioensi
1253 1622 1421 1709 episcopia,

372 1728 407 1787 et
420 1722 535 1789 multis
557 1722 631 1788 aliis
654 1727 723 1788 tam
746 1721 870 1789 clericis
885 1743 983 1809 quam
1007 1721 1099 1815 laicis
1121 1723 1163 1788 de
1184 1722 1311 1788 familia
1334 1722 1421 1810 regis

371 1824 512 1911 Angliae.
562 1823 665 1891 Oorta
697 1844 775 1889 vero
805 1823 885 1889 data
915 1822 981 1889 fuit
1011 1845 1070 1910 per
1102 1845 1237 1889 manum
1270 1824 1420 1913 magistri

372 1926 492 2013 Bogeri
516 1925 597 1991 Moli
618 1924 737 2002 Catuli,
761 1924 833 1990 vice
856 1925 1040 1991 cancellarii
1062 1922 1169 2013 regis.¹

312 2040 328 2072 ⁰
417 2027 542 2094 Eodem
577 2047 665 2092 anno
690 2025 856 2092 Henricus
879 2048 939 2092 rex
963 2026 1229 2107 Alamannorum,
1256 2050 1331 2095 cum
1362 2050 1421 2094 au·
1434 2047 1558 2102 nomm,

240 2078 337 2130 August.
1434 2102 1543 2146 mm

208 2143 345 2246 {mm
373 2129 475 2194 disset
496 2127 585 2214 quod
600 2125 786 2193 Willelmus
807 2148 867 2192 rex
887 2126 1009 2194 Siciliae
1024 2134 1176 2195 mortuus
1191 2137 1284 2209 esset,
1299 2131 1421 2196 calum-
1433 2133 1550 2198 mesa?

208 2243 320 2337 gmon
373 2230 486 2295 niatus
523 2235 573 2295 est
609 2249 748 2315 regnum
786 2226 918 2308 Siciliae,
955 2233 990 2293 et
1027 2228 1185 2295 ducatum
1221 2231 1353 2318 Apuliae
1386 2237 1422 2298 et

207 2343 338 2438 fflnnd
373 2331 592 2418 principatum
621 2330 752 2416 Capuae,
783 2328 825 2394 de
850 2329 925 2416 jure
960 2328 1167 2398 Constantios
1197 2333 1312 2399 uxoria
1344 2355 1421 2400 suae.

207 2407 333 2540 propiis
374 2432 420 2499 Et
453 2433 545 2498 misit
575 2431 854 2518 archiepiscopum
878 2429 1160 2519 Mauguntinum³
1182 2437 1218 2498 et
1239 2433 1421 2500 Hauricum

228 2506 260 2548 Μ
373 2533 493 2600 {leste⁴
530 2555 605 2600 cum
644 2552 764 2619 magno
798 2531 944 2598 exercitu
977 2532 1014 2597 in
1044 2532 1202 2621 Apuliam
1240 2534 1284 2600 ad
1321 2536 1423 2623 subji-

374 2634 526 2701 ciendum
559 2656 629 2700 eam
661 2634 733 2700 sibi.
779 2632 846 2713 Qui
876 2633 1041 2699 intmutes
1067 2634 1223 2723 Apuliam
1253 2636 1289 2701 in
1321 2659 1422 2702 manu

374 2737 497 2816 hostili,
520 2758 645 2801 moram
667 2735 817 2802 fecerunt
844 2734 881 2800 in
903 2735 951 2803 'ea
972 2757 1084 2802 mense
1108 2735 1190 2802 Maii
1212 2742 1248 2804 et
1269 2736 1366 2805 Junii
1388 2746 1423 2806 et
1517 2722 1523 2735 ⁸

375 2838 515 2903 dimidio
549 2836 672 2903 mensis
699 2836 852 2924 Augusti,
884 2840 1054 2902 vastantes
1087 2841 1207 2903 terram
1240 2844 1275 2905 et
1308 2862 1422 2926 parurn

207 2968 335 3014 rhomum
374 2940 592 3028 proficientes,
615 2939 694 3005 licet
723 2959 832 3005 comes
855 2937 1005 3027 Rogems
1026 2938 1068 3005 de
1091 2939 1245 3005 Andria⁸
1266 2946 1301 3007 et
1323 2941 1423 3007 multi

206 3020 333 3122 lirim
374 3041 442 3119 alii,
477 3062 636 3108 memores
673 3039 870 3106 sacramenti
907 3040 995 3127 quod
1033 3039 1179 3107 fecerant
1216 3039 1424 3110 Constantine

207 3121 318 3216 fflss'in
374 3143 471 3210 uxori
494 3142 644 3230 praedicti
666 3141 751 3229 regis
773 3140 1042 3221 Alamannorum,
1065 3142 1132 3208 illis
1154 3141 1368 3211 sdhaesissent
1389 3151 1425 3211 et

374 3244 537 3310 auxilium
559 3265 655 3310 suurn
686 3242 921 3330 praestitissent
943 3247 1059 3309 contra
1080 3244 1285 3312 Tancredum
1315 3268 1424 3335 regem

374 3345 503 3413 Siciliae.
549 3345 598 3411 Et
627 3366 701 3410 cum
724 3343 792 3410 fere
817 3348 924 3411 totam
947 3344 1106 3432 Apuliam
1137 3347 1283 3434 exceptis
1305 3348 1425 3414 civita·

376 3449 469 3515 tibus
491 3453 525 3514 et
556 3446 698 3513 castellis
721 3446 958 3528 devastassent,
982 3446 1120 3513 tandem
1153 3447 1347 3535 imperfecto
1368 3471 1425 3515 ne-

374 3550 467 3637 gotio
491 3548 618 3615 domini
638 3547 690 3613 sui
712 3547 748 3612 iu
770 3547 914 3635 patriam
936 3568 1028 3620 susm
1053 3548 1231 3617 redierunt

407 3791 414 3824 ¹
438 3789 564 3855 Gircrdo]
585 3787 761 3847 Gauffldo‚B.
773 3785 801 3837 J.
922 3785 963 3838 off
978 3786 1078 3854 Cyprus
1099 3803 1133 3838 on
1152 3787 1195 3840 the
1216 3789 1279 3841 usti
1300 3790 1331 3841 ot
1348 3791 1424 3857 April

406 3870 417 3904 ²
434 3869 499 3921 This
518 3867 540 3920 is
559 3867 603 3918 the
614 3867 669 3917 first
680 3879 835 3932 appearance
851 3864 882 3915 ot
924 3870 997 3918 1191.

373 3950 459 4016 Roget
476 3945 561 3998 Melus
578 3945 682 3998 Catulus
693 3942 833 4010 (liachell)
849 3957 879 3994 aa
954 3943 966 3978 ⁸
983 3944 1084 3998 conrad
1094 3943 1307 4000 olWittelsbaeh.

374 4025 607 4084 vice-chencellon
623 4021 878 4087 bothehadproba·
954 4022 999 4056 ‘⁸‘
1016 4023 1157 4074 lieurlcum
1185 4023 1297 4087 Tectam,
1325 4025 1423 4091 imperii

373 4107 620 4177 blysrlledtheoffice
628 4106 698 4157 since
708 4102 878 4157 theamberk·
922 4104 939 4130 ‘⁴
954 4100 1158 4154 missalem?
1199 4103 1231 4154 Β.
1254 4104 1286 4156 da
1309 4103 1336 4155 8.
1361 4106 1424 4157 Ger.

374 4189 442 4252 aton
454 4196 481 4239 et
491 4181 877 4246 Musaeilles,JchnosAleupon
922 4194 1005 4241 mano,
1017 4195 1057 4245 ap.
1069 4179 1182 4247 Ughelll.
1199 4180 1275 4233 Italia
1286 4181 1371 4244 Sacra,
1388 4185 1424 4236 iit.

374 4269 452 4333 being
474 4266 519 4316 ren
541 4265 569 4315 in
588 4263 736 4328 Nomaudy
758 4276 786 4312 sa
807 4260 877 4311 vice·
924 4263 981 4310 999.
1015 4258 1071 4308 'l'te
1093 4266 1170 4309 count
1198 4257 1227 4310 os
1252 4261 1423 4326 Pappenlreim

374 4345 518 4398 chancellor
529 4343 606 4394 there.
624 4342 708 4393 Thera
719 4342 741 4391 is
752 4339 878 4390 acham
922 4352 975 4388 'aa
994 4336 1038 4387 the
1053 4336 1197 4403 lrmditary
1207 4338 1317 4388 marshal
1335 4339 1366 4389 of
1382 4340 1424 4391 tho

375 4423 501 4476 ofilnrch
519 4427 560 4484 at,
578 4425 650 4481 1191,
670 4419 771 4486 printed
790 4417 816 4468 in
834 4416 878 4468 the
922 4413 1035 4480 imperial
1047 4421 1126 4464 court

375 4505 488 4562 Fradcra,
511 4502 529 4552 i.
553 4507 593 4561 5³,
616 4507 643 4550 to
666 4498 749 4549 ulrich
771 4495 878 4563 Ropcr's
954 4489 1204 4557 ‘Munuluaticiar
1214 4496 1295 4547 moer
1310 4496 1424 4548 william

375 4579 616 4634 nemcisattaclred.
648 4579 747 4631 flavas
758 4577 877 4629 movucd
896 4633 900 4643 ,
922 4573 958 4626 lL
993 4573 1031 4625 lt.
1044 4576 1102 4624 914.
