3270 5476
372 632 435 698 226
778 642 886 694 amre
906 641 1007 694 arere

219 816 345 926 fflfflr·
371 817 559 885 canonicam
594 815 829 905 professionem
867 817 898 881 ei
935 816 1021 882 sicut
1058 815 1311 903 metropolitano
1348 836 1419 897 suo,

206 911 354 988 mamae}
371 926 443 986 tum
474 921 554 1007 quia
587 921 675 985 idem
707 916 878 1007 episcopus
908 918 1139 985 Dunelmensis
1166 915 1245 1004 jura
1276 917 1421 985 ecclesiae

206 994 342 1098 fficiam?
372 1021 523 1103 Eboraci,
556 1022 680 1088 scilicet
712 1022 758 1088 Le
780 1020 968 1107 Rom-peni,
991 1025 1026 1087 et
1048 1020 1268 1109 processiones
1296 1019 1420 1086 hebdo-

373 1126 480 1199 madae
502 1125 723 1191 Pentecosten
751 1124 793 1192 de
823 1124 966 1190 ecclesiis
994 1123 1164 1201 Hoveden,
1188 1130 1222 1189 et
1245 1122 1421 1188 Hommin·

371 1227 504 1315 geburg,
538 1232 573 1292 et
605 1226 646 1292 de
680 1225 842 1314 Scipwith
876 1232 910 1291 et
943 1225 984 1291 de
1016 1225 1274 1312 Brentiugeham
1311 1230 1346 1290 et
1377 1224 1421 1290 de

372 1329 516 1395 Kirkebi
539 1334 574 1395 et
597 1329 638 1396 de
661 1327 859 1395 Homdeleie
881 1331 915 1394 et
937 1327 979 1393 de
1002 1326 1186 1393 Alvertona
1208 1333 1243 1393 et
1264 1326 1305 1392 de
1327 1326 1420 1392 wal-

207 1458 361 1516 negem
373 1432 515 1497 dintona
536 1431 684 1498 detinuit
706 1436 890 1519 occupatas.
934 1431 983 1495 At
998 1429 1229 1495 Dunelmensis
1251 1429 1421 1517 episcopus

207 1512 571 1610 immanentem
602 1552 701 1620 qaam
733 1531 949 1599 namanes
979 1531 1237 1617 archiepiscopus
1266 1531 1303 1596 a
1323 1530 1420 1597 nium

372 1635 508 1701 dederet
530 1657 589 1722 pro
610 1634 703 1700 nulla
722 1633 849 1715 hebuit,
873 1655 932 1701 nec
955 1633 1045 1699 illam
1067 1638 1179 1699 tenere
1194 1633 1322 1715 voluit3
1344 1637 1421 1698 tum

372 1737 452 1824 quia
483 1738 552 1825 ipse
584 1740 790 1803 consecratus
819 1736 884 1801 luit
916 1736 1031 1803 Romae
1053 1755 1224 1801 asumma
1254 1734 1419 1822 pontifice,

373 1844 447 1905 tum
461 1838 541 1925 quia
560 1850 635 1925 post
655 1837 909 1925 appellationem
932 1858 1025 1902 suam
1048 1837 1092 1902 ad
1115 1836 1286 1903 dominum
1299 1858 1420 1926 papam

373 1940 495 2007 hetam
517 1940 588 2006 lata
608 1939 675 2024 fuit
697 1940 734 2004 in
756 1960 832 2006 eum
853 1940 1021 2006 sententia
1041 1938 1108 2004 iila

221 2060 354 2107 mamaea
419 2042 546 2108 Eodem
578 2063 665 2107 anno
696 2063 808 2108 mense
830 2040 1029 2120 Decembris,
1060 2048 1136 2128 poet
1158 2043 1280 2107 festum
1303 2039 1420 2107 Sancti

207 2123 339 2229 griffi„
374 2144 535 2223 Nicholai,
568 2144 738 2210 lohannes
768 2143 872 2210 frater
907 2144 994 2230 regis
1027 2165 1133 2209 comes
1171 2143 1353 2221 Meretonii,
1384 2147 1421 2208 ot

208 2226 352 2320 ἓξὲξ
375 2245 543 2312 Waltsrus
566 2244 840 2332 Rothomagensis
858 2245 1124 2333 archiepiscopus,
1143 2244 1330 2332 etquidem
1351 2245 1421 2332 epi·

208 2325 340 2420 Quies
375 2366 547 2436 scaporum
570 2347 712 2434 Anglioe,
742 2352 966 2414 convenerunt
988 2346 1177 2414 Oantnariae
1198 2347 1235 2412 in
1256 2352 1420 2435 metropo-

495 2448 1421 2659 cascarcalcatas

210 2669 326 2864 Ἐξ
376 2653 1087 2842 ³ala⁰⁰⁰¹⁶⁸¹⁶⁰aapl0ll⁰hm
1107 2676 1419 2838 laeta

210 2832 342 2973 ppei.
376 2858 547 2945 sagarum
569 2857 791 2945 menidam
814 2858 1045 2924 mansuem
1079 2860 1264 2946 episcopum
1293 2861 1357 2927 aas
1385 2867 1421 2927 a

208 2921 344 3073 pppffie
375 2959 517 3038 ecclesiae
540 2959 772 3027 cantuariensi
793 2960 830 3026 in
852 2960 1137 3048 archiepiscopum
1182 2961 1229 3027 Et
1251 2983 1418 3029 assumen-

212 3070 331 3115 «aonia
377 3068 428 3128 tes
450 3082 526 3128 eum
557 3062 764 3140 renitentem,
787 3066 821 3128 et
843 3062 988 3148 quadam
1010 3063 1160 3128 modesta
1188 3065 1420 3131 acclamatione

210 3119 366 3216 ww
377 3163 665 3241 contradicentem,
699 3163 849 3230 tulerunt
879 3162 922 3229 ad
955 3163 1059 3230 altare
1091 3185 1167 3230 cum
1198 3170 1218 3202 “
1233 3166 1280 3233 Te
1310 3165 1419 3233 Deum

379 3275 395 3301 “
418 3265 592 3330 laudamus
606 3263 641 3344 ;’'
663 3270 699 3331 et
717 3264 836 3331 deinde
855 3264 1004 3331 lecerunt
1025 3266 1057 3332 ei
1079 3265 1309 3353 professionem
1323 3289 1421 3335 cano·

378 3367 486 3433 isicem
509 3372 543 3432 et
566 3365 797 3433 obedientiam
830 3366 1112 3456 ,Archicpisoopue
1133 3389 1211 3435 vero
1240 3369 1421 3435 Rothoma-

377 3468 487 3556 gensis
518 3468 576 3554 qui
600 3462 691 3533 ¹'tunc
723 3472 795 3533 erat
821 3467 1027 3554 justitiarius
1048 3469 1188 3557 Angliae,
1212 3471 1361 3538 saisiavit
1383 3473 1419 3537 in

379 3592 480 3635 manu
500 3569 587 3655 regis
608 3590 721 3635 omnes
739 3570 888 3636 redditus
903 3570 1150 3637 cantuariensis
1169 3572 1422 3660 archiepiscopi;

378 3689 446 3738 non
469 3672 558 3736 enim
580 3670 772 3737 electionem
800 3671 893 3737 illam
914 3677 1020 3738 ratam
1050 3671 1177 3753 habnt,
1194 3678 1236 3739 et
1256 3695 1324 3740 non
1347 3695 1421 3762 per·

378 3773 470 3839 misit
507 3772 778 3839 Cantuariensem
814 3772 955 3840 electum
991 3775 1166 3861 quicquam
1201 3775 1343 3863 recipere
1379 3775 1420 3842 de

379 3874 565 3941 redditibus
595 3873 893 3962 archiepiscopatus
917 3873 1173 3942 (iantuariensis
1217 3877 1341 3944 'lamen
1364 3877 1421 3943 ille

381 3975 627 4042 cantuariensis
656 3974 779 4041 electus
811 3975 848 4041 in
877 3976 1101 4042 ecclesiasticis
1123 3979 1228 4043 causis
1250 3979 1421 4045 audiendis

380 4084 414 4143 et
438 4076 639 4143 diffiniendis
660 4098 694 4142 ss
716 4077 802 4143 sicut
824 4076 1071 4144 (iantuariensis
1093 4080 1235 4146 ecclesia
1257 4086 1421 4167 metropo-

379 4181 521 4245 litanum
542 4179 684 4266 gerebat,
707 4184 742 4244 et
763 4179 855 4245 misit
877 4180 1013 4246 nendos
1043 4202 1118 4247 euos
1139 4183 1183 4247 ad
1205 4181 1421 4250 Ooelestinum

381 4303 500 4368 papam
530 4302 590 4368 pro
623 4280 872 4347 confirmatione
894 4281 1062 4348 electionis
1085 4305 1153 4350 suae
1175 4287 1210 4349 ct
1231 4306 1291 4371 pro
1312 4286 1420 4372 pallio.

216 4396 329 4493 ἔξω
383 4383 449 4449 Sed
470 4387 647 4469 antequam
669 4383 784 4448 nuncii
798 4384 851 4448 sui
865 4383 944 4450 illuc
957 4385 1130 4462 venissent,
1155 4385 1209 4450 ille
1231 4387 1268 4450 in
1290 4393 1422 4474 quarta·

265 4478 271 4490 ’
381 4487 507 4552 decima
527 4486 582 4552 die
604 4483 773 4551 electionis
801 4506 870 4552 suae
892 4486 986 4569 obiit,
1008 4487 1045 4552 in
1066 4487 1183 4574 vigilia
1198 4487 1330 4554 Natalis
1352 4487 1419 4554 Do-
