3270 5476
739 693 893 747 urorum.
1295 688 1339 751 88

122 873 241 972 gfff.
291 862 489 930 ducentibus
511 885 587 930 eum
609 864 753 951 Hugone
782 864 999 931 Dunelmensi
1028 867 1180 955 episeopo
1208 891 1230 934 o
1259 868 1339 937 dex·
1367 877 1489 982 effi&

120 973 238 1071 {am
291 965 361 1043 tris,
387 969 423 1031 et
459 963 644 1052 Regineldo
682 964 901 1032 Bothoniensi
942 967 1094 1055 episeopo
1130 991 1152 1034 o
1188 969 1339 1052 sinistris,

290 1066 551 1153 precedentibus
588 1086 644 1134 eos
680 1066 895 1147 eendelobris,
928 1073 964 1135 et
1000 1070 1198 1159 supradietis
1231 1073 1339 1139 tribus

289 1167 417 1257 gladiis

120 1292 241 1392 ἔπῃ,
333 1282 462 1349 Deinde
490 1282 647 1350 inchoate
674 1287 727 1349 est
756 1281 857 1350 Misso
883 1283 1105 1353 Dominioslis
1151 1285 1236 1354 Oum
1258 1301 1419 1355 veroum

232 1376 239 1390 ’
288 1388 486 1472 perventum
516 1381 583 1450 fuit
614 1384 659 1450 ed
689 1382 903 1465 offertorium,
935 1385 1066 1473 prefati
1098 1386 1165 1453 duo
1196 1388 1337 1477 epieoopi

288 1484 458 1552 duxerunt
477 1505 554 1552 eum
575 1486 620 1552 ed
642 1484 853 1564 offerendum,
869 1492 904 1553 et
933 1488 1139 1555 reduxerunt
1160 1488 1204 1554 ed
1226 1490 1336 1556 sedem

286 1608 389 1654 suum.

121 1713 239 1766 uam.
333 1688 509 1756 Celebrate
540 1692 652 1755 eutem
687 1687 797 1767 Misso
831 1694 867 1755 et
900 1690 1055 1759 omnibus
1087 1691 1153 1758 rite
1186 1693 1501 1779 perscorensem

121 1764 239 1811 “m
288 1791 438 1878 puedioti
460 1790 527 1856 duo
549 1789 699 1877 episcopi,
721 1811 809 1856 unus
831 1813 853 1856 o
874 1789 1024 1859 dexteris
1047 1795 1085 1859 et
1106 1813 1194 1859 unus
1208 1815 1228 1858 e
1242 1761 1493 1861 sinis-iffi&

287 1892 358 1972 tris,
381 1893 586 1959 reduxerunt
607 1913 683 1957 eum
709 1896 912 1972 uoroustum,
947 1897 1137 1980 portantem
1171 1901 1337 1983 sceptrum

288 1997 324 2061 in
346 1994 485 2062 dextere
507 1998 542 2061 et
563 1994 691 2082 virgam
720 1993 864 2082 realem
896 1996 934 2060 in
965 1996 1108 2076 sinistre,
1132 1997 1176 2062 eb
1206 1998 1339 2064 eooleeiu

288 2119 392 2183 usque
414 2097 451 2162 in
471 2095 656 2163 thalamum
678 2115 784 2174 suum,
806 2096 1011 2184 propassione
1045 2096 1225 2164 ordinetim
1256 2120 1339 2186 pree·

287 2197 432 2265 sedente
477 2195 607 2264 Deinde
629 2216 760 2263 reverso
781 2201 832 2262 est
861 2199 1023 2285 prooessio
1045 2197 1083 2264 in
1104 2199 1248 2266 chorum

216 2331 239 2369 o.
334 2299 475 2366 Interim
496 2319 558 2364 rex
580 2297 733 2385 deposuit
754 2319 908 2365 eoronam
922 2319 1018 2365 suom
1031 2303 1066 2367 et
1080 2303 1190 2366 vestes
1204 2299 1462 2386 tegumen-nome

191 2400 197 2414 '
288 2406 324 2468 et
344 2401 484 2467 leviores
505 2421 659 2467 ooronsm
681 2403 717 2466 et
737 2403 846 2466 vestes
867 2400 1030 2488 sumpsit:
1055 2407 1091 2468 et
1104 2401 1151 2467 sie
1164 2405 1340 2468 ooronetus

289 2503 385 2569 veuit
397 2499 569 2591 prendere.
614 2501 661 2566 Et
675 2499 921 2590 arehiepisoopi,
938 2505 973 2567 et
987 2501 1139 2590 episeopi,
1154 2507 1189 2568 et
1203 2500 1342 2569 obbetes

289 2607 325 2670 et
345 2603 404 2670 elii
425 2603 534 2670 cleriei
556 2601 716 2669 sedebant
729 2622 804 2668 oum
826 2622 866 2668 eo
887 2603 924 2668 in
946 2623 1061 2670 mense
1081 2624 1151 2686 sus,
1165 2604 1341 2690 unusquis·

289 2725 354 2792 que
375 2704 556 2772 seeundum
586 2704 737 2772 ordinem
759 2707 795 2770 et
817 2703 1018 2792 dignitatem
1047 2727 1149 2771 suem
1195 2705 1341 2772 Comites

289 2827 369 2874 vero
390 2811 426 2874 et
446 2806 587 2873 botones
608 2811 643 2872 et
665 2802 788 2872 milites
810 2805 969 2873 sedebunt
990 2803 1034 2872 od
1055 2806 1138 2872 elios
1151 2826 1283 2872 mensos
1305 2812 1340 2873 et

289 2907 512 2997 epulabantur
533 2906 715 2996 splendide.

336 3010 582 3077 Prandentibus
603 3011 717 3075 eutem
738 3006 813 3088 illis,
835 3006 1000 3096 prinoipee
1014 3006 1209 3076 Judseorum
1226 3014 1341 3075 contre
1352 3019 1507 3117 meunt

164 3136 237 3189 m
290 3110 548 3198 prohibitionem
569 3109 657 3198 regis
678 3113 949 3196 supervenerunt.
1004 3109 1051 3176 Et
1082 3109 1161 3197 quie
1193 3131 1253 3177 rex
1287 3110 1341 3177 die
1417 3081 1470 3116 m

202 3218 209 3231 '
289 3211 489 3301 medenti
522 3211 738 3300 prohibuerat
768 3208 936 3277 oommuni
966 3209 1082 3290 edicto,
1119 3231 1163 3276 ne
1199 3208 1340 3278 Judseus

290 3312 344 3381 vel
377 3314 497 3380 mulier
528 3312 572 3378 ed
606 3311 851 3379 ooronutionem
878 3333 973 3378 suem
1006 3311 1146 3394 veniret,
1180 3309 1338 3378 ourialee¹

290 3415 476 3502 injeoerunt
496 3435 615 3480 merrus
648 3413 685 3479 in
716 3412 863 3493 dudem,
895 3417 932 3479 et
964 3413 1189 3499 spoliaverunt
1219 3434 1275 3480 eos
1305 3419 1340 3481 et

291 3516 549 3583 verberaverunt
573 3535 637 3594 eos,
660 3519 695 3579 et
716 3513 823 3601 plagis
852 3512 1018 3601 impositis
1039 3514 1206 3602 ejeoeruut
1234 3534 1290 3581 eos
1319 3536 1341 3580 o

282 3619 382 3685 'eurio
402 3616 510 3704 regis:
535 3615 694 3703 quosdam
709 3635 788 3681 vero
810 3613 1055 3695 interimerunt,
1070 3613 1229 3702 quosdam
1243 3615 1339 3682 semi-

289 3720 387 3785 vivos
415 3717 628 3804 reliquerunt.
673 3714 773 3782 Unus
804 3721 918 3782 eutem
949 3738 992 3783 ex
1013 3716 1142 3784 Judreie
1174 3714 1251 3797 illis,
1280 3715 1498 3816 quim«

291 3818 493 3886 Benedictus
515 3817 539 3883 J
542 3817 655 3884 udaeus
689 3815 907 3884 Eboreoensie
939 3817 1129 3899 voeebotur,
1152 3817 1234 3885 odeo
1265 3820 1424 3907 gru-1⁰¹b
1497 3813 1504 3824 '

290 3921 378 3988 viter
405 3918 598 3987 verberibus
627 3922 664 3984 et
695 3917 888 3985 vulneribus
918 3917 1055 3986 effeetus
1084 3924 1145 4001 est,
1179 3919 1269 4008 quod
1299 3920 1340 3988 de

290 4023 364 4089 vite
391 4021 482 4088 illius
511 4020 720 4108 desperetum
743 4026 802 4100 est,
830 4024 867 4087 et
896 4018 944 4086 sie
972 4021 1092 4087 timore
1121 4021 1237 4087 mortis
1266 4042 1339 4109 per-
1376 4026 1495 4076 tow·

290 4124 429 4191 territus
450 4122 594 4208 susoepit
614 4120 815 4208 baptismum
837 4143 860 4186 s
873 4119 1040 4188 Willelmo
1061 4121 1170 4211 priore
1195 4121 1341 4190 eoolesite

326 4435 471 4500 1οιιπὶιὶσι]
490 4431 795 4498 nmen-nuptu·
839 4430 930 4483 “de'’
962 4428 1338 4501 Ηορναιῖσηοημ.

293 4509 796 4579 “supeeooorloettmdouffleoe-
838 4507 950 4564 douln
1140 4593 1205 4656 Η
