3270 5476
683 653 836 704 orosam.
1221 645 1285 708 145

66 829 185 936 ssffl’
234 820 417 889 sufficiebat
447 780 507 889 uni
539 822 601 890 soli
631 823 760 890 homini
794 824 837 891 ad
871 824 1056 910 prandium,
1079 824 1286 892 vendebatur
1309 846 1435 944 Quo

66 930 164 980 nm.
236 944 295 1008 pro
329 922 440 990 decem
470 925 584 990 solidis
606 924 858 1013 Andegavensis
892 932 1042 992 monetae.
1089 925 1174 993 Caro
1206 950 1285 994 vero
1296 958 1391 1007 m„
1434 931 1441 945 ⁰

235 1025 357 1110 equina
379 1032 450 1092 erae
479 1026 545 1091 uns
567 1027 604 1092 in
627 1027 773 1108 aeuum
805 1031 841 1093 ec
872 1048 967 1093 suma
999 1027 1099 1093 unius
1132 1029 1210 1114 equi
1243 1011 1442 1116 um

235 1125 401 1195 frumento
425 1128 632 1195 vendebatur
664 1128 897 1215 producentis
923 1129 1085 1194 bisantiis.
1131 1130 1176 1194 Et
1208 1109 1360 1197 cumm'

234 1226 337 1294 fames
370 1228 428 1294 ille
450 1230 648 1296 excrevisset
678 1230 801 1295 iterum
823 1234 863 1295 u't
893 1228 960 1296 fere
993 1251 1106 1296 omnes
1137 1231 1285 1317 perirent

233 1327 320 1396 sume
351 1337 387 1396 et
420 1331 541 1417 inopie,
574 1330 669 1396 venit
706 1331 828 1397 clamor
864 1330 978 1418 populi
1015 1330 1059 1395 ad
1092 1330 1283 1398 Hubertum

234 1429 376 1497 Walteri
398 1433 584 1518 episcopum
607 1431 884 1498 Salesbiriensem
923 1431 969 1497 Et
990 1432 1071 1518 ipse,
1086 1431 1212 1498 Divina
1233 1433 1285 1497 in-

233 1533 381 1616 spirante
402 1533 520 1619 gratie,
535 1533 692 1599 convenit
715 1533 878 1620 principes
899 1533 1073 1609 exercitus,
1089 1537 1124 1597 et
1146 1534 1283 1599 consilio

233 1653 346 1698 eorum
376 1634 497 1699 statuit
528 1633 696 1700 collectam
730 1632 772 1699 ad
795 1655 876 1720 opus
907 1655 1088 1720 pauperum
1111 1634 1281 1700 exercitus

234 1732 281 1797 Et
312 1737 444 1800 tentum
476 1735 717 1801 incrementum
743 1734 837 1800 dedit
859 1734 1022 1800 Dominus
1052 1733 1198 1800 collecloe
1221 1735 1281 1816 illi,

233 1834 323 1920 quod
351 1834 533 1901 sufficiebat
558 1835 795 1901 sustentationi
817 1834 965 1900 omnium
1000 1834 1103 1901 donec
1126 1834 1283 1922 Largitor

232 1934 395 2001 bonorum
424 1936 571 2002 omnium
595 1937 685 2003 Deua
707 1936 907 2024 prospiciens
928 1957 972 2002 ex
1002 1937 1079 2015 ulto,
1111 1935 1205 2002 misit
1234 1938 1282 2004 eis

232 2037 473 2103 abundantiam
504 2038 672 2118 frumenti,
695 2043 731 2104 et
752 2039 825 2104 vini
858 2044 896 2105 et
926 2038 997 2104 olei.
1044 2038 1159 2103 'l'ertia
1192 2039 1281 2104 enim
1293 2052 1417 2099 emulor

233 2138 286 2204 die
318 2145 393 2226 post
426 2140 596 2206 collectam
630 2139 828 2227 pauperibus
858 2138 1082 2219 distributam,
1115 2144 1282 2206 venerunt
1293 2104 1426 2155 mm

232 2261 334 2306 noves
356 2246 485 2307 onustae
507 2241 683 2317 frumento,
697 2241 778 2306 vinc
793 2245 828 2306 et
842 2240 924 2321 cleo,
948 2246 983 2306 et
1005 2240 1153 2305 fecerunt
1173 2240 1281 2306 forum

232 2341 379 2423 bonum3
402 2342 453 2407 ita
470 2342 559 2427 quod
581 2354 710 2407 summa
723 2341 801 2427 equi
824 2340 864 2406 de
879 2341 1055 2418 fruniento,
1071 2362 1145 2426 quoe
1160 2341 1282 2407 vende·

232 2442 332 2509 betur
354 2443 581 2531 producentis
603 2443 759 2508 bisantiia
780 2464 841 2531 pro
856 2465 914 2507 aex
930 2442 1010 2507 duta
1025 2441 1090 2507 fuit
1112 2442 1278 2509 bisantiis.

277 2544 402 2610 Eodem
424 2565 512 2610 anno
537 2566 611 2610 cum
627 2543 792 2610 Henricua
814 2565 874 2609 rex
888 2543 1148 2608 Alemannorum
1169 2543 1362 2608 audis-rue

103 2644 109 2657 '
232 2650 284 2712 set
307 2646 397 2731 quod
419 2645 610 2711 Fredericus
633 2645 856 2710 Romanorum
883 2645 1061 2730 imperator
1083 2649 1179 2730 pater
1200 2666 1280 2710 suus
1291 2614 1422 2758 ffiin

232 2755 382 2814 mortuus
404 2755 489 2814 esset
503 2772 511 2828 ;
526 2746 671 2812 reddidit
686 2745 833 2812 Henrico
856 2745 931 2810 duci
947 2745 1102 2811 Saxoniae
1124 2745 1281 2812 universa
1291 2726 1428 2810 sunu?

231 2871 305 2934 quae
328 2854 421 2936 peter
443 2871 522 2914 suus
537 2850 567 2915 ei
590 2847 793 2927 abstulerat;
817 2854 853 2912 et
874 2845 1115 2912 incrementum
1135 2847 1228 2912 dedit
1249 2848 1280 2912 ei

231 2951 343 3017 decem
366 2951 502 3017 custellu
519 2950 652 3038 optima
698 2947 861 3014 Similiter
882 2947 962 3013 fecit
983 2948 1111 3014 caeteris
1125 2947 1280 3014 omnibus

230 3074 252 3117 a
273 3052 534 3139 quibuscumque
558 3057 653 3139 pater·
674 3072 754 3115 suus
776 3048 903 3136 aliquid
927 3048 1118 3125 abstulerat,
1140 3049 1281 3115 reddens

230 3153 406 3241 unicuique
428 3154 515 3239 quod
538 3175 634 3218 suum
657 3155 736 3218 erat

275 3252 428 3320 Pacatis¹
449 3255 562 3340 itaque
592 3253 656 3318 sibi
679 3252 833 3319 omnibus
865 3250 1055 3316 hominibus
1088 3249 1166 3328 suis,
1188 3250 1281 3317 misit
1292 3257 1422 3354 ,πρ

103 3362 109 3375 ’
153 3413 160 3429 ,
231 3357 367 3422 nuncios
400 3377 477 3421 suos
509 3354 553 3419 ad
584 3355 788 3420 Clementem
821 3373 940 3440 papum
971 3357 1006 3417 et
1040 3351 1083 3415 ad
1113 3355 1398 3419 senatorem

1291 3407 1441 3454 demdtbo

231 3456 322 3523 urbis
357 3458 522 3536 Romanos,
557 3461 673 3542 petens
704 3453 770 3519 sibi
802 3454 986 3518 Romanum
1025 3453 1209 3540 imperium,
1244 3460 1428 3579 θῆκαν.

1314 3546 1344 3588 ,Ρ
1377 3566 1384 3581 ·

231 3560 427 3649 promittens
449 3580 484 3624 se
506 3558 542 3622 in
566 3556 719 3624 omnibus
740 3555 829 3643 leges
851 3560 886 3621 et
908 3555 1089 3644 dignitates
1113 3555 1279 3621 Romanus

230 3666 439 3728 servaturum
472 3659 600 3727 illaesas.
647 3657 798 3725 Clemens
819 3678 899 3723 vero
931 3678 1026 3744 papa,
1059 3656 1173 3722 habito
1203 3679 1275 3722 cum

230 3763 437 3830 senatoribus
460 3766 495 3826 et
516 3760 637 3848 populo
660 3760 809 3824 Romano
831 3778 930 3844 super
950 3756 1169 3844 petitionibus
1190 3758 1278 3847 regis

230 3863 491 3939 Alemannorum
526 3884 600 3928 cum
637 3860 874 3927 deliberatione
911 3859 1068 3937 consili03
1105 3860 1278 3946 respondit

229 3987 298 4032 rem
321 3966 404 4032 bene
426 3983 648 4051 processurum
670 3961 698 4027 si
728 3960 817 4027 idem
838 3980 897 4025 rex
920 3959 1179 4026 Alemannorum
1201 3983 1278 4027 con-

228 4068 357 4134 silicet
383 4067 548 4133 voluntati
572 4065 642 4151 ejus
664 4068 699 4130 et
722 4065 913 4129 senatorum·
933 4061 1148 4148 adquieverit.
1194 4063 1278 4129 Erat

626 4204 657 4210 ..a
672 4203 678 4209 ι
690 4203 769 4210 --..
779 4203 812 4209 ,ψ-
828 4200 1025 4209 offlam-.-
1039 4200 1079 4207 u-.
1089 4199 1113 4206 .-

264 4279 346 4332 ¹'1u0
363 4293 438 4344 peuce
456 4276 485 4328 ot
504 4276 594 4334 Fuldn,
616 4276 729 4326 betseen
775 4287 799 4337 p.
817 4277 875 4323 ³⁹4.
910 4269 1000 4336 Henry
1009 4269 1059 4320 VL
1075 4271 1136 4321 does
1155 4279 1277 4322 notsecm

230 4359 320 4425 Henry
331 4358 379 4409 VI.
395 4358 445 4408 and
462 4356 550 4421 Henry
562 4354 606 4405 tte
616 4353 692 4415 Lien,
709 4351 731 4403 is
775 4358 803 4402 to
813 4351 879 4402 bne
889 4349 968 4401 beard
985 4348 1016 4398 or
1030 4349 1070 4398 bis
1085 4348 1191 4400 father’s
1201 4351 1278 4401 death

229 4439 284 4490 uid
306 4446 332 4488 to
353 4437 420 4488 bare
448 4437 512 4486 been
535 4432 676 4484 concludet
703 4432 731 4482 ln
777 4429 863 4481 before
874 4429 1025 4480 November.
1059 4428 1093 4480 V.
1101 4426 1163 4480 chr.
1174 4429 1276 4482 Godefrz

229 4517 301 4584 July.
336 4515 422 4577 Prote,
440 4511 564 4566 Heinrich
584 4513 630 4564 der
646 4510 733 4574 Istue,
777 4507 849 4560 lton.
862 4505 1144 4572 (reimbertum.)

318 4611 385 4660 vot
417 4609 452 4659 11.
1118 4603 1144 4652 K
