3270 5476
743 654 896 705 memma
1272 640 1330 713 17]

124 843 242 896 nacae,
292 829 406 895 nolens
416 829 487 916 juri
501 834 597 907 stare,
610 829 791 896 declinavit
805 829 944 906 aturba,
953 829 1061 896 exivit
1075 830 1172 911 forae,
1184 831 1338 897 omnibus
1366 848 1486 897 annm.

124 896 241 941 ma
292 930 512 998 clamantibus
533 936 609 1020 poet
628 932 723 997 illum
738 936 773 999 et
795 933 989 1010 dicentibus,
1004 932 1185 998 “Proditor
1200 937 1250 1000 eet
1272 932 1337 1012 ille,
1350 898 1492 1061 effi&

293 1043 311 1070 “
333 1035 392 1121 qui
409 1035 480 1121 juri
501 1039 590 1101 aare
611 1032 767 1102 recusae*
821 1034 929 1103 Nemo
942 1040 1057 1102 amen
1079 1036 1172 1102 mise
1185 1036 1221 1100 in
1243 1013 1434 1120 mentm
1457 1015 1504 1060 ⁸¹²⁶

125 1153 224 1202 annu
236 1157 409 1205 numanae
429 1138 577 1204 neforto
591 1138 757 1204 tumultun
778 1138 873 1204 fieret
894 1137 930 1203 in
951 1137 1082 1225 populo.
1128 1137 1204 1226 Ipee
1226 1142 1339 1204 autern

124 1208 145 1252 ²
292 1240 417 1327 Tyrum
454 1239 547 1307 abiit.
603 1240 676 1307 Rex
709 1239 842 1327 Anglie
873 1244 1001 1327 partem
1019 1224 1120 1328 ¹regie
1154 1240 1338 1307 Jerusalem

290 1343 433 1420 fovebat,
455 1350 490 1409 et
512 1364 573 1409 rex
587 1340 736 1409 Franoiae
750 1347 878 1430 partem
894 1342 1039 1409 Gom-adi
1060 1342 1215 1424 fovebat3
1236 1344 1338 1410 immo

291 1447 456 1513 intereos
478 1447 598 1534 empiue
619 1444 812 1511 oriebantur
832 1444 916 1512 rixae
939 1451 974 1512 et
995 1446 1231 1514 contentiones.

149 1574 177 1604 ov
206 1575 242 1613 on.
337 1551 417 1616 Post
445 1548 589 1615 multum
611 1569 691 1615 vero
719 1548 887 1636 temporie,
909 1568 970 1613 nex
992 1547 1141 1616 Franoiae
1163 1549 1256 1616 mieit
1278 1569 1339 1637 pro
1351 1561 1505 1658 fflpdtgra

194 1646 201 1659 ’
293 1651 453 1731 Conrado,
467 1652 526 1738 qui
548 1651 591 1717 ad
613 1645 688 1717 e'um
701 1650 845 1729 veniens,
862 1649 1037 1716 constituit
1058 1672 1135 1716 eum
1158 1651 1222 1717 eibi
1244 1649 1492 1717 fami-hundium·

291 1755 406 1821 liarem
429 1759 463 1820 et
486 1753 717 1833 consiliarium,
740 1737 800 1839 per
821 1751 913 1839 cujua
935 1753 1109 1819 eonsilium
1131 1753 1240 1820 multa
1262 1775 1339 1842 ope·

292 1862 385 1924 ratae
408 1862 468 1934 eet,
492 1856 582 1923 unde
606 1855 746 1923 dedecus
775 1860 810 1922 et
843 1854 1003 1922 damnum
1035 1862 1070 1923 et
1101 1856 1339 1924 detrimentum

291 1959 411 2026 anime
432 1980 501 2026 euoe
522 1959 560 2024 in
582 1957 698 2024 multia
719 1978 892 2046 perpessus
914 1964 971 2025 eet

150 2081 177 2113 ov
235 2101 242 2122 .
337 2061 380 2127 In
402 2061 517 2150 primia
538 2060 628 2127 enim
651 2081 713 2148 per
741 2060 914 2128 concilim
936 2061 1009 2146 ejue
1029 2081 1090 2127 rex
1112 2061 1261 2130 Franoiae
1282 2083 1413 2150 peren
1437 2082 1475 2129 oa

292 2164 350 2231 tiit
370 2187 392 2230 a
420 2186 496 2253 rege
518 2162 651 2252 angue
683 2162 894 2230 medietatem
929 2163 1036 2229 totius
1069 2164 1188 2232 ineuloe
1210 2134 1508 2281 Gyprmorfflrlffm

292 2290 367 2334 cum
396 2267 575 2334 medietate
600 2266 748 2333 omnium
769 2287 845 2353 quae
866 2266 904 2331 in
932 2264 992 2332 illa
1013 2267 1109 2354 oepit,
1132 2288 1175 2334 ex
1197 2288 1339 2335 eonven·
1351 2248 1486 2345 mmm,

292 2373 384 2438 tione
405 2370 495 2437 faeta
515 2371 605 2436 inter
626 2390 681 2436 eoa
702 2369 793 2457 apud
815 2367 1010 2436 Messanam
1056 2369 1222 2442 Convenit
1251 2371 1340 2436 enim
1352 2361 1464 2457 ‘ml'

292 2477 382 2541 inter
403 2496 466 2556 eoe,
490 2473 579 2560 quod
601 2472 816 2539 dimidiarent
846 2472 936 2538 inter
967 2493 1002 2538 ee
1036 2472 1149 2539 omnia
1169 2495 1244 2561 quae
1267 2463 1470 2562 per-mm

292 2578 462 2665 quirerent
497 2578 535 2643 in
556 2580 648 2643 terra
668 2572 949 2654 Jeroeoiimitana‚
971 2576 1132 2661 quamdiu
1162 2581 1274 2643 eeeent
1304 2578 1342 2643 in

292 2680 352 2745 illa
384 2678 656 2767 peregrinatione
701 2676 766 2744 Oui
790 2677 970 2765 respondit,
998 2676 1066 2744 “Si
1100 2677 1229 2745 dederis
1259 2678 1342 2745 milri

294 2791 312 2820 ‘⁴
334 2781 547 2849 medietatam
578 2778 755 2859 Flandriae,
778 2783 814 2846 et
847 2783 1039 2848 coeterorum
1066 2801 1140 2867 quae
1170 2781 1344 2868 adquisisti

293 2894 311 2923 “
334 2891 410 2975 poet
431 2884 571 2951 mortem
600 2882 730 2951 comitia
754 2881 931 2962 Flandriae,
955 2889 990 2950 et
1019 2905 1078 2971 per
1110 2889 1253 2951 mortem
1275 2906 1344 2952 oae-

294 2996 313 3027 ‘⁴
336 2987 452 3055 taliani
481 2987 523 3054 de
553 2985 675 3054 Sancto
705 2985 859 3068 Odmero,
889 2986 949 3073 qui
982 2986 1019 3052 in
1048 2986 1218 3055 obeidione
1247 2987 1345 3056 Acroe

294 3101 314 3131 “
335 3090 459 3157 mortui
491 3093 594 3170 eunt3
623 3092 660 3156 et
693 3109 754 3176 ago
784 3088 871 3156 dabo
900 3088 965 3155 tibi
994 3090 1207 3157 medietatem
1239 3091 1345 3158 totius

294 3205 314 3232 ⁴‘
335 3193 562 3282 acquieitionie
583 3212 688 3272 meae;
716 3191 796 3260 lieet
818 3190 997 3259 conventio
1018 3192 1107 3260 faeta
1127 3193 1230 3261 fuerit
1255 3194 1345 3262 inter

293 3305 312 3335 “
333 3320 394 3365 noe
423 3296 464 3363 de
493 3292 775 3382 adquisitionibua
807 3295 929 3362 noetria
959 3295 997 3360 in
1027 3301 1118 3362 terra
1139 3296 1344 3364 Jeroeolimi-

294 3410 312 3440 “
334 3408 416 3468 tana
437 3397 710 3467 tantummodo:''
736 3403 771 3464 et
794 3398 841 3464 aio
862 3398 1024 3465 alterutro
1037 3398 1237 3466 remiserunt
1258 3401 1343 3489 peti·

293 3507 401 3574 tionee
439 3526 524 3586 enee,
555 3507 591 3570 et
627 3500 863 3569 conventiones
894 3502 1006 3590 [quoe]
1037 3502 1127 3591 apud
1157 3503 1354 3569 Messanam·

293 3610 442 3677 fecerunt
471 3606 512 3673 de
534 3603 814 3692 adquisitionibua
836 3624 952 3671 eorum
981 3605 1018 3669 in
1048 3610 1137 3672 terra
1158 3604 1343 3673 Jerusalem

294 3709 510 3788 dimittendis,
532 3709 655 3775 iterum
686 3707 819 3795 ecriptie
840 3712 876 3774 et
908 3706 1109 3774 teetimoniie
1131 3709 1342 3775 confirmave-

295 3818 394 3881 runt:
425 3815 680 3898 etatneruntque
712 3809 914 3898 Templarioe
950 3814 986 3877 et
1021 3811 1273 3899 Hospitalarioe,
1308 3817 1512 3887 atumem

295 3919 376 3985 moe
397 3917 487 3984 viros
509 3915 673 4004 sapientae
705 3912 743 3980 in
765 3912 885 4003 quibua
906 3913 1127 3995 ementem,
1151 3914 1194 3980 ae
1227 3915 1342 4004 reeipi-
1354 3892 1512 3989 aaut„

294 4022 417 4090 endum
440 4023 476 4087 oe
496 4016 739 4084 autumem
761 4016 851 4084 inae
873 4038 928 4084 00⁶
948 4016 1184 4104 equititum
1204 4038 1288 4085 sua
1354 3994 1505 4090 ww

185 4137 189 4145 '
237 4170 246 4200 .
340 4123 491 4202 Interim,
522 4119 700 4189 Saladinua
739 4119 890 4208 princepe
931 4120 1097 4188 exercitur
1136 4142 1341 4210 paganorum
1354 4135 1448 4183 arsen

180 4208 202 4242 ⁸
294 4229 387 4296 mirit
407 4226 597 4314 frequenter
622 4222 761 4289 nuncios
783 4223 826 4289 ad
855 4244 949 4312 rogae
971 4222 1121 4290 Francia
1142 4228 1178 4291 et
1200 4224 1341 4312 Angla,
1354 4188 1504 4286 ssiiss'ue

295 4354 370 4401 oum
404 4329 497 4419 pyrie
526 4325 738 4394 Damascenie
769 4330 806 4392 et
834 4324 909 4392 aliia
938 4325 1144 4394 divereomm
1173 4289 1430 4394 fructuum„¹²⁸²

294 4435 476 4524 generibus,
490 4436 526 4498 et
547 4429 612 4519 ipei
633 4428 833 4498 remiserunt
854 4428 887 4494 ei
909 4427 951 4495 de
970 4429 1092 4516 joooeie
1113 4429 1203 4512 euie3
1222 4430 1343 4499 nihilo-

294 4538 404 4606 minue
425 4557 518 4625 rogae
539 4533 702 4605 insultum
724 4529 890 4600 indebant
911 4533 949 4599 in
966 4534 1138 4604 civitatem
1159 4558 1219 4625 per
1233 4537 1342 4604 diver·
