3270 5476
670 684 822 738 moseos
1200 674 1266 740 243

227 857 246 882 “
266 857 413 914 ‘nemum
429 858 594 930 postulatur
611 857 692 913 ab
665 875 719 924 eis,
738 875 801 914 snas
817 857 915 932 ll⁰l³¹²⁸
932 857 1046 918 ῙΘΥΜ
1062 859 1266 933 iml’mdm
1296 865 1419 914 mm

164 939 172 953 ⁰
225 940 245 966 “
265 940 413 999 'videtum
461 942 569 999 Sedet
594 940 729 998 dominns
748 946 846 999 voster
864 941 1107 1013 Rothomageneis
1124 943 1266 1016 ΝὋῙΙῙΘΡῨ·
1280 915 1435 1033 lim

225 1025 245 1051 ‘⁸
266 1028 391 1099 ‘soopne
415 1026 498 1083 nobis
524 1043 579 1099 pro
594 1024 712 1082 domino
728 1024 842 1082 Eliensi
858 1026 959 1099 plenas
976 1025 1129 1085 devotione
1152 1028 1266 1085 litteras
1280 1027 1407 1076 ‘blm-

225 1110 245 1136 “
265 1111 273 1136 ‘
287 1108 454 1178 destinavit
473 1127 541 1167 oum
557 1126 612 1183 pro
635 1110 701 1182 ipso
718 1109 894 1182 ⁸⁰P¹P⁸i⁸⁸⁰b
914 1108 984 1166 dum
1005 1127 1153 1183 Wlm
1170 1117 1266 1168 ΜΨ
1280 1078 1435 1176 mad
1410 1132 1438 1175 ⁰¹

225 1194 344 1259 “‘our,
368 1193 585 1266 conmissum
610 1192 692 1249 exilii
715 1193 1081 1266 oenmnteopsmm
1106 1177 1440 1266 mmmm

224 1277 244 1304 ‘⁴
265 1279 332 1334 ‘est
347 1277 490 1345 exmdiri,
509 1295 577 1334 oum
593 1282 763 1336 eost-aeos
780 1277 924 1350 seriptum
944 1277 994 1346 ‘lb

364 1410 384 1437 ‘¹
405 1407 526 1464 ‘Doneo
542 1405 602 1463 eris
620 1404 691 1464 salix
707 1407 816 1464 multos
834 1406 1001 1463 numerabis
1019 1406 1146 1476 ominosa

364 1494 384 1519 “
404 1491 569 1564 'Tempora
586 1489 612 1547 si
630 1488 740 1548 fuerint
756 1485 866 1559 nubile,
886 1490 967 1548 solus
984 1490 1064 1548 eris!

222 1621 241 1648 ‘⁴
262 1620 371 1677 ‘Porro
390 1637 459 1678 oum
481 1620 607 1694 pristina
631 1619 772 1677 felioitete
799 1620 952 1693 gauderet,
971 1626 1002 1678 et
1026 1619 1182 1693 legationis
1199 1619 1264 1677 vioe

221 1706 242 1732 ‘¹
261 1704 360 1776 ‘apud
386 1722 438 1762 vos
456 1705 638 1778 fungeretur,
667 1720 733 1776 que
756 1721 886 1775 unquam
903 1704 1036 1770 eeclesia,
1056 1704 1135 1776 qnod
1152 1722 1264 1761 monas·

220 1790 240 1817 ‘⁶
262 1788 399 1857 ‘terium
413 1806 480 1862 quas
490 1806 624 1862 persona,
640 1804 706 1861 ques
717 1787 851 1860 vulgaris
869 1793 921 1844 ant
931 1787 1047 1854 nobilis,
1061 1805 1151 1860 snper
1161 1805 1263 1860 eroga·

220 1874 240 1900 ‘¹
258 1872 407 1930 ‘tionibus
419 1873 529 1930 domini
540 1871 679 1938 lllliensis,
693 1871 741 1928 vel
752 1871 945 1929 ecelesiarum
956 1872 1128 1944 gravamine
1139 1873 1264 1931 verbnm

218 1957 239 1984 ‘⁶
258 1954 317 2012 ‘ad
333 1974 386 2014 nos
403 1957 525 2013 miserat
541 1957 591 2013 rel
608 1955 780 2029 querelam?
815 1955 922 2013 Omnes
940 1955 1155 2034 applaudebant
1171 1956 1262 2022 felini,

219 2041 239 2068 '⁸
259 2041 381 2097 ‘omnes
404 2047 589 2097 murmurant
605 2040 637 2095 in
654 2056 837 2112 oppressum.
872 2040 969 2096 Amici
990 2040 1114 2096 fortune
1136 2041 1262 2106 fuerant,

219 2125 238 2150 ‘⁴
260 2126 348 2180 ‘oum
366 2125 492 2182 inmune
509 2122 807 2197 gratiereoedenles!
843 2123 918 2199 Haeo
929 2122 1049 2195 quidem
1060 2128 1091 2181 et
1101 2122 1265 2180 multaalia

218 2208 239 2235 ⁴¹
257 2224 276 2263 a
298 2208 417 2265 domino
439 2224 517 2282 pape
541 2207 685 2280 opposite,
705 2206 757 2278 qni
781 2207 963 2304 superiorem
988 2223 1046 2262 non
1070 2206 1169 2273 babet,
1190 2211 1220 2263 et
1242 2224 1261 2262 e

218 2293 239 2319 ‘⁸
256 2291 393 2365 pontifloe
416 2309 532 2350 summo
555 2297 587 2350 et
600 2291 711 2364 judioe,
731 2296 763 2347 et
778 2290 865 2363 enjus
882 2290 1027 2347 voluntati
1043 2307 1130 2348 nemo
1147 2297 1194 2348 eet
1211 2293 1262 2364 qui

218 2377 238 2404 ‘⁶
256 2376 385 2433 resistet.
423 2375 484 2434 Sed
501 2381 532 2433 et
548 2375 675 2432 multim
693 2379 795 2432 oontra
810 2391 864 2431 nos
880 2374 1057 2447 quibusdam
1074 2374 1263 2433 fsoerevide·
1277 2401 1390 2456 mg„

217 2461 238 2489 ‘¹
256 2459 353 2526 batur,
365 2460 445 2558 quod
455 2461 591 2518 dominus
602 2476 655 2516 rex
665 2459 698 2516 in
715 2457 884 2517 reversione
894 2464 995 2516 vestre
1015 2459 1194 2531 supplicavit
1209 2477 1263 2532 pro
1277 2452 1429 2548 ἓξὲξ

218 2544 339 2601 “vobis
369 2550 404 2603 nt
432 2544 465 2601 in
488 2544 678 2601 Normannie
703 2542 837 2616 partibus
863 2547 895 2599 et
918 2542 1035 2599 oeteris
1059 2543 1328 2600 transmarinistion
1336 2554 1362 2597 m
1372 2567 1428 2650 um

217 2629 237 2655 “
255 2628 340 2685 vobis
357 2628 469 2701 legatio
485 2629 685 2686 oonierretnrs
705 2625 783 2683 unde
793 2626 891 2722 prima
901 2625 976 2683 fsoie
987 2626 1099 2683 nemim
1088 2604 1365 2698 'videbaturffiw

217 2711 237 2738 ‘¹
256 2711 336 2782 qnod
352 2712 445 2785 regiae
462 2717 542 2769 esset
564 2709 734 2779 voluntatis,
752 2727 806 2767 voe
829 2709 862 2766 in
878 2707 996 2780 Anglioe
1018 2709 1153 2782 parabus
1171 2710 1264 2767 admi·
1277 2702 1422 2806 ΜΝ

216 2796 237 2823 “
255 2796 460 2853 nist-ationem
489 2796 614 2863 bebere3
645 2812 714 2852 oum
743 2798 776 2851 et
800 2792 919 2867 Anglin
943 2794 1068 2852 tutelam
1092 2812 1206 2867 gerere,
1235 2754 1422 2852 attente-⁸⁰⁶

216 2878 412 2952 “legationis
436 2879 591 2937 ollioinm
581 2897 614 2936 ιιι
631 2877 843 2935 Normanniam
861 2893 1005 2945 exeruere,
1031 2876 1083 2934 nni
1108 2888 1141 2936 et
1167 2879 1265 2937 sidem
1277 2854 1427 2952 &mh

215 2963 236 2990 ‘¹
253 2961 366 3019 bomini
382 2980 438 3020 neo
464 2963 550 3036 faoile
573 2980 628 3020 neo
651 2967 821 3035 promptum
838 2959 1003 3018 videbatur.
1040 2960 1102 3019 Sed
1120 2968 1152 3019 et
1170 2963 1265 3019 forma
1276 2957 1427 3052 wlf&

215 3046 236 3073 ‘¹
254 3046 347 3117 regies
363 3030 537 3114 voluntatis,
556 3062 624 3119 qne
640 3062 695 3117 pro
720 3044 805 3102 vobis
833 3044 931 3102 fuerat
953 3061 972 3100 a
994 3060 1066 3118 rege
1090 3046 1264 3104 oenoellsrio
1285 3057 1415 3103 morarer

216 3129 236 3156 ‘¹
254 3126 408 3197 destinata
422 3128 583 3187 senescallo
594 3128 814 3186 Normanniase
829 3144 902 3200 rege
918 3127 1070 3185 dicebatur
1080 3130 1263 3198 transmissa,

216 3214 236 3240 ‘¹
255 3218 290 3270 ut
307 3215 419 3286 etipse
436 3212 669 3270 inNormannias
680 3212 1060 3286 partibusvestrooonsrlro
1070 3213 1263 3287 iungeretur

216 3298 236 3325 “
254 3296 292 3354 sd
317 3316 383 3370 qna)
410 3304 442 3355 et
467 3297 579 3355 similia
603 3315 672 3354 oum
696 3295 901 3370 responsiones
930 3296 1051 3354 idoneas
1078 3297 1263 3367 haberemus,

215 3382 236 3409 ‘⁸
254 3386 353 3438 tamen
370 3377 481 3439 domini
492 3381 677 3455 papae'favor
688 3386 719 3438 et
730 3377 952 3452 adiutorinmin
963 3387 1078 3453 partem
1090 3383 1266 3441 contrariam

215 3466 235 3494 ‘¹
253 3463 409 3523 nitebatrr.
446 3464 658 3524 Verumtamen
669 3463 807 3523 dubitare
824 3469 950 3532 meus,
963 3469 1029 3522 turn
1045 3465 1085 3522 ad
1095 3465 1265 3524 instmtiam

215 3550 236 3578 “
254 3555 386 3606 nostram
412 3553 478 3606 turn
504 3549 701 3607 oardinslinm
717 3548 886 3621 aliquorum
903 3565 977 3621 qnos
995 3549 1027 3605 in
1044 3554 1152 3607 vestras
1169 3551 1264 3624 pertis

215 3636 236 3663 ‘⁶
254 3636 383 3706 gutiam
409 3641 604 3700 teneremus,
634 3633 835 3691 oudimlibus
859 3632 996 3690 omnibus
1021 3635 1208 3707 oongregstis
1233 3635 1264 3692 in

216 3721 234 3747 ‘⁸
253 3737 355 3787 unum,
369 3719 556 3792 singulorum
573 3717 697 3776 consilia
713 3717 880 3790 requisivit,
893 3722 1052 3790 nostroque
1069 3719 1199 3791 negotio,
1212 3719 1264 3775 din

215 3805 234 3831 ‘⁸
254 3803 405 3878 suspensis
416 3801 686 3869 deliberationibus,
697 3799 817 3876 agitato,
828 3818 913 3858 suem
924 3799 1059 3858 dominus
1071 3819 1148 3875 pape
1159 3803 1264 3860 sedens

215 3888 235 3915 '¹
254 3906 308 3961 pro
330 3884 471 3944 tribunali
490 3882 597 3958 [dedit]
624 3883 809 3952 sententiam,
829 3884 885 3941 snb
911 3883 966 3941 bso
992 3885 1103 3954 forma3
1122 3891 1203 3960 puta,
1231 3892 1410 4000 utrum

214 3972 235 4002 ⁸‘
252 3970 384 4030 breviter
401 3977 432 4029 et
449 3971 620 4028 summatim
637 3969 838 4043 prooedemus,
857 3973 889 4025 et
903 3967 1114 4027 oanoellarium
1131 3989 1149 4028 a
1165 3965 1380 4050 nsuafflm

214 4057 235 4087 ⁸⁶
253 4062 284 4114 et
298 4055 411 4114 domini
428 4055 676 4128 Botbomagensis
699 4053 803 4111 deoanl
825 4052 1050 4110 dennnuistione
1068 4055 1210 4123 absolvit,
1234 4062 1266 4113 et
1276 4055 1409 4153 ‘'⁸²¹⁰''AE

215 4144 235 4172 ‘⁴
252 4141 319 4199 vioe
344 4144 458 4197 mutate
483 4138 659 4196 sententiam
685 4136 814 4196 Elisnsis
839 4137 980 4211 episcopi,
999 4155 1090 4211 quam
1113 4141 1265 4200 oooasione

215 4228 235 4255 ‘⁶
252 4223 437 4300 quarundam
454 4222 652 4296 probabilium
669 4221 867 4280 litterarum
857 4239 890 4277 m
914 4239 967 4281 vos
992 4222 1109 4290 tulerat,
1133 4228 1164 4281 et
1181 4223 1264 4284 deoa-

215 4313 235 4339 “
253 4329 334 4377 num,
353 4315 384 4365 et
408 4306 481 4365 alios
507 4304 650 4380 quosdam
677 4304 853 4364 oenoellario
880 4304 1008 4372 odiosos,
1033 4306 1146 4364 nullam
1171 4307 1262 4368 fnisse

214 4397 235 4424 ⁴·
249 4393 404 4468 judicavit.
441 4391 535 4452 Porro
553 4390 689 4449 dominus
712 4407 790 4464 pape
807 4389 840 4446 in
858 4407 913 4447 sua
930 4388 1091 4463 procedens
1109 4394 1262 4464 sententia,

214 4482 234 4508 ‘⁸
251 4493 341 4552 snper
357 4476 467 4551 injuria
483 4474 663 4533 Eborsoensi
687 4473 909 4549 arehiepisoopo
926 4474 1068 4548 irrogata,
1088 4475 1152 4532 sine
1170 4476 1264 4535 forma

215 4565 235 4593 ‘⁴
252 4564 434 4637 prescripta,
465 4560 641 4619 oeneellnrio
669 4559 880 4634 pnrgsn'onem
908 4558 1023 4618 indixit
1071 4559 1264 4634 Legationem

215 4643 748 4720 '‘autemneoejnsexeontionem
774 4641 895 4711 ademit,
924 4643 1264 4718 onmjemipsamsd
