3270 5476
22 1071 131 1117 diust

21 1121 143 1226 iffi

541 615 693 670 mmo!
713 617 875 672 minim.

342 911 363 940 ‘⁸
381 907 516 981 Epistola
532 905 728 964 lossensium
744 905 785 962 od
804 905 947 963 Urbem
959 904 1089 979 popae».¹

225 1051 246 1079 ‘⁶
264 1049 404 1107 Piissimo
423 1049 502 1122 putri
527 1052 558 1104 et
583 1047 701 1104 domino
719 1047 848 1114 Urbano,
868 1047 925 1102 Dei
948 1046 1046 1119 gratis
1072 1044 1186 1103 Sanotoe
1211 1049 1243 1102 et
1268 1047 1389 1094 must.

191 1134 211 1162 ‘⁶
229 1132 413 1190 Universslis
431 1131 574 1189 lloolesise
590 1130 704 1204 pastori
723 1131 908 1202 dignissimo,
928 1129 1092 1186 Januenses
1110 1128 1147 1186 de
1164 1147 1241 1185 oom-
1252 1113 1410 1211 &m

22 1225 137 1270 nus
192 1219 212 1246 ⁸⁴
230 1217 313 1273 muni
330 1216 459 1273 dotium
475 1215 509 1272 in
525 1214 660 1270 omuibus
678 1231 746 1271 oum
764 1213 944 1286 ,ubjootiono
960 1213 1165 1270 10'0201152111·
1185 1213 1377 1321 ‚¹5¹le

192 1301 213 1329 ‘¹
231 1300 357 1358 oelobris
383 1300 470 1356 hmo)
495 1299 601 1365 relatu,
631 1296 817 1355 sanctissime
842 1302 936 1369 pater,
965 1302 996 1353 et
1020 1296 1143 1369 lugubri
1166 1314 1404 1362 mmmm

193 1386 213 1413 “
230 1384 325 1441 nostri
342 1383 380 1440 de
396 1382 599 1439 ultramarinis
619 1381 753 1454 partibus
771 1381 924 1437 redeuntis
941 1381 1118 1446 narratione,
1138 1379 1241 1435 didioi·
1254 1366 1431 1413 “m'

194 1471 214 1497 “
231 1486 298 1525 mus
321 1468 436 1540 judicia
462 1485 529 1540 quae
554 1472 692 1540 operatus
719 1472 765 1524 est
791 1466 873 1522 Deus
900 1465 932 1521 in
957 1465 1091 1538 partibus
1115 1464 1178 1521 illis
1195 1463 1243 1519 bis

194 1554 214 1580 ‘⁸
233 1551 347 1618 diebus,
367 1556 398 1607 et
415 1550 753 1629 quomodoprovoostns
768 1549 898 1623 peoostis
915 1550 1025 1606 nostris
1043 1553 1110 1604 aute
1127 1553 1244 1620 tempus

195 1635 448 1708 “quodammodo
471 1636 554 1692 visus
581 1639 628 1692 est
648 1634 785 1707 judioare
810 1634 912 1689 orbem
938 1639 1027 1690 terre
1044 1632 1077 1688 iu
1094 1632 1244 1704 aequitate.

194 1721 214 1747 ⁴⁴
233 1718 286 1775 sed
301 1718 516 1775 miseridordiae
535 1717 603 1774 Suae
629 1717 749 1774 oblitus.
788 1717 868 1774 Dum
894 1717 974 1774 euim
999 1735 1052 1773 rex
1075 1715 1245 1788 Bsbyloniae

192 1805 211 1831 ‘⁸
231 1802 387 1859 Saladinus
413 1819 482 1858 oum
508 1801 659 1872 ootoginta
683 1801 817 1857 millibus
843 1801 974 1857 militum
1000 1805 1031 1856 et
1055 1816 1090 1855 eo
1107 1798 1244 1872 amplius,

193 1888 213 1914 “
231 1885 399 1959 insequenti
423 1884 471 1940 die
494 1884 622 1941 Veneris
646 1890 715 1956 post
739 1884 851 1941 festum
874 1883 1086 1956 Apostolorum
1109 1882 1193 1938 Petri
1216 1887 1412 1943 deuotus

193 1971 213 1997 “
231 1969 328 2036 Pauli,
347 1974 459 2026 terram
477 1966 646 2024 Jerusalem
666 1969 816 2034 intrasset,
836 1971 868 2024 et
884 1967 1042 2023 'fabariam
1059 1965 1090 2022 vi
1107 1967 1244 2038 oepisset,

193 2055 213 2080 ⁴⁸
232 2058 354 2126 oxoepta
370 2053 461 2108 oastri
477 2039 651 2116 munitione,
681 2069 740 2123 qua
766 2068 798 2107 se
823 2049 960 2106 domina¹
976 2049 1035 2106 looi
1058 2067 1128 2106 cum
1143 2049 1246 2121 psuois
1257 2040 1414 2136 ffimi*

194 2137 213 2163 ‘⁸
231 2136 379 2194 militibus
397 2140 559 2208 reoeperot,
578 2136 718 2191 nunoiata
735 2140 805 2191 sunt
827 2134 894 2206 regi
911 2152 978 2205 qun
995 2133 1171 2191 sooiderant.
1207 2133 1248 2189 Et

194 2221 214 2246 ‘⁸
233 2235 303 2275 oum
320 2218 381 2291 ipsi
397 2219 465 2291 regi
482 2219 582 2290 potius
607 2216 753 2274 assideret
778 2217 815 2273 de
839 2217 1008 2274 muniendis
1029 2217 1199 2274 civitatibus
1218 2223 1249 2272 et

195 2305 215 2331 ¹‘
232 2301 315 2369 loeis,
336 2319 427 2374 quam
443 2301 518 2358 adeo
529 2301 627 2357 subito
655 2318 687 2357 se
713 2300 879 2356 disorimini
902 2319 1010 2374 pugnae
1028 2301 1167 2374 objioere,
1185 2306 1248 2356 ten·

195 2388 215 2414 ⁴⁸
234 2384 303 2441 dem
320 2385 357 2441 de
375 2385 499 2442 oonsilio
517 2384 634 2442 oomitis
646 2384 683 2441 de
694 2384 809 2457 lupos,
823 2385 875 2456 qui
893 2403 962 2440 oum
980 2402 1015 2440 eo
1031 2403 1126 2457 nuper
1138 2385 1388 2450 feudos-amm

196 2473 215 2498 ⁸·
234 2469 316 2543 pseu
333 2469 450 2534 muse,
471 2468 510 2525 ee
536 2468 707 2525 mansam
727 2468 855 2534 Milium,
876 2486 945 2524 oum
961 2469 1102 2539 oorymu
1119 2468 1249 2525 domim-
1261 2456 1380 2509 ⁰¹lf¹¹³⁰¹¹

1258 1939 1364 1984 dintook

1258 1988 1400 2035 'liberianll

1260 2506 1390 2560 guldestbe

196 2555 217 2582 ‘⁶
234 2569 303 2608 rum
320 2550 358 2608 de
374 2551 530 2619 sternia,
550 2551 603 2624 qui
621 2551 660 2608 sd
679 2569 855 2608 suooursum
871 2552 977 2609 matris
994 2552 1179 2617 anhelsbant,
1198 2569 1250 2607 rex
1261 2557 1407 2610 mileto·

1262 2607 1389 2661 dsnsuous

197 2639 217 2665 “
234 2635 380 2708 prooessit
408 2653 513 2692 versus
543 2635 729 2691 Tabemiam.
773 2635 920 2708 Deinceps
945 2653 1053 2701 eomes,
1073 2641 1104 2692 et
1132 2635 1192 2692 dux
1221 2640 1251 2691 et
1278 2657 1415 2708 mm„

197 2723 217 2748 ⁴⁸
236 2719 365 2793 pravius
383 2719 510 2786 itineris,
529 2723 625 2776 totum
644 2718 807 2775 exeroitum
824 2719 856 2773 in
873 2718 1050 2775 eminentem
1068 2724 1099 2775 et
1116 2736 1252 2774 saxosum
1262 2669 1398 2802 32⁶&st

199 2805 219 2831 ‘⁴
236 2802 336 2859 looum
353 2803 519 2859 oonstituit.
555 2801 604 2857 Ibi
622 2819 694 2858 vero
711 2801 933 2858 imminentibus
951 2802 1087 2859 hostibus
1110 2801 1250 2874 undique,
1264 2807 1339 2862 sstsbt

195 2889 219 2914 ⁴⁸
237 2885 413 2942 neodssitote
431 2885 601 2958 oompulsus
619 2902 672 2940 rex
692 2884 730 2941 do
746 2885 890 2941 baronum
907 2885 1029 2941 oonsilio
1045 2885 1159 2941 bellum
1176 2903 1253 2942 oom-

200 2972 219 2998 “
238 2970 358 3026 mittent
375 2968 500 3040 dignum
517 2968 611 3035 duxit,
631 2975 662 3024 et
687 2968 726 3025 ad
749 2986 852 3025 eorum
869 2968 1039 3025 instantiam
1055 2970 1200 3043 magistro
1223 2974 1254 3025 et

200 3055 220 3081 ‘⁴
239 3052 385 3109 militibus
402 3051 519 3126 Templi
536 3052 648 3125 primos
665 3051 743 3109 iotus
760 3053 920 3120 oonoessit;
939 3053 1091 3126 dispositis
1108 3071 1163 3126 per
1174 3054 1253 3110 aoies

200 3138 220 3164 ‘⁶
239 3136 329 3193 oertis
346 3135 492 3192 militibus
509 3135 615 3192 ordine
633 3154 687 3192 suo
705 3136 744 3193 sd
763 3135 966 3209 pugnandum,
985 3142 1016 3193 et
1032 3136 1135 3193 oomiti
1151 3136 1253 3210 'lbipo-

201 3221 221 3249 ‘⁴
239 3219 332 3276 litano
366 3220 557 3292 eaeterisque.
577 3220 724 3292 eapitibus
758 3220 936 3276 bellatorum
971 3220 1089 3277 vexillis
1123 3220 1252 3278 traditis.

202 3305 222 3333 ‘⁶
240 3303 348 3376 Itaque
364 3303 474 3360 militia
489 3302 617 3376 Templi,
631 3304 710 3360 siout
726 3303 774 3360 leo
793 3303 879 3361 fortis
897 3304 929 3360 in
945 3305 1046 3362 hostes
1064 3322 1252 3372 moun-ens,

202 3389 357 3463 “partem
375 3387 492 3454 stravit,
510 3393 625 3460 partem
644 3389 770 3462 fugavit.
809 3387 920 3446 Gestari
945 3407 1026 3455 vero,
1045 3391 1130 3461 regio
1155 3396 1254 3462 spreto
1299 3388 1384 3443 'ulit

203 3473 224 3500 ⁸‘
241 3471 389 3539 mandato,
401 3489 457 3528 nso
467 3477 676 3545 prooessarunt
692 3472 731 3529 sd
747 3490 879 3545 pugnnn
889 3490 945 3529 neo
961 3473 1057 3529 ullum
1075 3474 1119 3530 eis
1135 3480 1255 3544 presta·
1265 3451 1388 3555 Rom·
1398 3502 1422 3554 t,

204 3557 224 3585 ‘⁸
242 3573 313 3613 vare
338 3572 522 3622 suooursum,
541 3554 620 3612 unde
646 3555 758 3613 milites
784 3555 900 3630 Templi
925 3557 1034 3614 retenti
1060 3563 1091 3614 et
1113 3552 1364 3615 unitatiffle

205 3642 224 3668 ‘⁸
243 3643 321 3696 sunt
358 3638 551 3696 Postmodum
563 3638 799 3696 christianorum
810 3639 971 3696 exereitum
987 3641 1134 3699 laborioso
1150 3642 1255 3698 itinere
1266 3604 1374 3698 fflla
1382 3654 1414 3699 tn.

205 3725 225 3752 ⁸⁸
244 3723 420 3789 oonieotum
439 3728 470 3780 et
486 3723 579 3778 nimio
606 3723 703 3779 oalore
729 3731 957 3796 praegravatum,
977 3743 1055 3797 aqua
1071 3725 1189 3782 omnino
1206 3725 1256 3782 de·

206 3808 226 3835 ⁸⁸
245 3807 372 3873 dolente,
385 3807 491 3863 Parthi
509 3806 580 3878 igne
591 3806 858 3864 oiroumdederuut.
896 3808 977 3866 luno
990 3826 1041 3865 sex
1058 3826 1094 3865 ex
1110 3810 1256 3866 militibus

207 3893 227 3918 ‘⁴
244 3891 338 3964 regis,
357 3890 472 3947 soilioet
496 3889 683 3947 ledesrinus
710 3891 748 3948 de
774 3891 914 3958 Fortuna,
934 3899 965 3948 et
987 3892 1113 3949 Baulius
1138 3893 1256 3950 Buoena

242 4163 715 4217 ¹¹1¹bisisoneoitbeisvlettersoi
759 4172 797 4218 10.
832 4166 881 4219 Sos
902 4167 1050 4221 Memouials
1077 4171 1106 4222 ol
1131 4172 1204 4224 Riolu
1227 4176 1258 4240 L,

210 4242 712 4312 vbiobtbessussonlyisgivsnin
756 4246 1018 4314 voluptatium

211 4323 713 4388 stdmvbilstdurcbroniolebss
789 4323 926 4394 'doufflJ
960 4329 1077 4391 Μῖνι,
1100 4331 1257 4386 viieossbe

212 4402 421 4458 tbetsxtiniull
453 4402 713 4470 Itisgivminiull
757 4403 985 4472 oouutol'lbipoli
1014 4410 1258 4474 Summotis

213 4482 713 4537 alsointbsssontinnationolwillism
757 4487 949 4550 petineat

213 4560 713 4633 dmsslir.1u.,ltsg.l⁴0.
