3270 5476
655 661 806 711 russum.
1179 645 1254 709 ‘245

255 856 365 904 corum
386 835 548 902 universis
574 834 796 902 cardinalibus
818 840 853 901 et
874 835 959 902 clero
982 839 1017 901 et
1039 834 1161 922 populo
1183 832 1256 899 dix·
1283 835 1406 940 Q

214 944 233 974 “
254 937 347 1004 eritis
377 938 467 1025 quod
488 959 659 1024 nunquam
680 937 847 1025 praedictae
869 937 992 1005 litterae
1014 959 1036 1003 e
1057 935 1257 1002 conscientie
1267 916 1411 1045 ma·

213 1049 231 1074 “
253 1046 365 1106 vestre
390 1040 549 1128 originem
572 1039 764 1108 duxerunt?
808 1038 984 1106 Pmesmur
1004 1060 1092 1126 ergo,
1114 1036 1256 1119 domine,
1267 1049 1425 1145 &w

212 1142 463 1208 “sanctitatem
496 1146 653 1223 vestram,
679 1148 718 1208 ut
750 1141 877 1220 saltem
909 1162 972 1230 pro
994 1160 1106 1206 amore
1127 1139 1191 1206 Dei
1222 1142 1257 1205 et
1268 1148 1342 1195 erse

1268 1198 1412 1255 mend

213 1249 232 1279 “
253 1243 377 1310 honore
392 1244 550 1312 Romanu
573 1243 723 1324 ecclesiis,
737 1243 903 1311 reducetis
917 1243 962 1309 ad
975 1241 1169 1311 memoriam
1191 1262 1258 1308 ser·
1268 1249 1417 1345 ffitffioe

214 1352 233 1380 “
257 1344 341 1411 vitis
361 1367 435 1432 quae
450 1346 545 1412 vobis
560 1346 713 1412 dominus
728 1349 841 1412 noster
855 1345 997 1412 Eliensis
1011 1345 1183 1433 episcopus
1202 1342 1258 1408 de-
1269 1350 1359 1455 Q

215 1453 232 1481 ‘⁸
257 1455 335 1513 vote
357 1448 529 1530 exhibuit;
550 1454 585 1514 et
606 1452 647 1513 ut
668 1448 858 1514 testimonio
878 1448 1030 1514 veritatis
1044 1445 1259 1535 opprobrium

216 1554 235 1584 “
258 1548 384 1614 domini
406 1550 510 1616 nostri
535 1555 571 1616 et
593 1553 742 1615 nostrum
768 1549 914 1629 tolletur,
941 1571 983 1616 ne
1005 1548 1131 1615 inimici
1154 1548 1259 1614 nostri

215 1657 235 1686 “
258 1651 297 1716 de
319 1651 445 1737 injusta
464 1651 737 1719 condemnatione
758 1656 873 1718 nostra
893 1647 1118 1718 hilarescant’'

48 1768 166 1865 {wi
261 1751 325 1818 His
357 1757 392 1817 et
425 1753 499 1818 aliis
527 1751 718 1839 hujusmodi
739 1753 1037 1834 exhortationibus,
1058 1751 1167 1819 clerici
1189 1748 1385 1844 mim

48 1825 165 1916 uderi'
215 1853 302 1918 ensis
333 1853 474 1941 episcopi
506 1853 588 1920 odeo
621 1854 745 1921 domiui
775 1876 871 1942 pcpae
885 1854 1043 1920 'animum
1065 1854 1101 1920 in
1123 1849 1361 1920 enatasti-²¹¹⁶
1376 1897 1418 1944 d„

216 1976 292 2021 suos
323 1954 518 2033 allexerunt,
549 1957 638 2043 quod
671 1956 708 2021 in
741 1957 883 2022 castino
915 1957 1005 2023 idem
1027 1977 1121 2044 popa,
1142 1954 1260 2022 sedens
1271 1951 1385 2045 ΗΜ

217 2079 277 2145 pro
299 2057 470 2137 tribunali,
495 2080 603 2125 coram
635 2057 857 2126 cardinalibus
890 2062 925 2124 et
954 2059 1040 2125 clero
1073 2063 1108 2124 et
1140 2050 1389 2146 ροιιιιΙο(ξξῗξξξξ,ἶ

218 2158 316 2240 dixit,
332 2158 495 2226 “Fratres
508 2160 584 2241 mei,
600 2160 759 2227 confiteor
773 2160 868 2227 vobis
888 2182 940 2229 me
954 2160 1102 2249 gravitcu
1116 2179 1261 2248 peccasse
1272 2151 1359 2247 ’ἃ

218 2267 237 2298 “
258 2261 295 2327 in
318 2262 487 2327 dominum
511 2260 677 2329 Elisusem
698 2262 896 2351 episcopum,
913 2269 948 2330 et
970 2265 1006 2328 in
1028 2262 1161 2330 clericos
1182 2260 1261 2346 ejus

218 2368 238 2399 “
260 2363 463 2431 Recordatus
496 2365 585 2430 enim
618 2386 691 2431 sum
725 2365 815 2452 quod
848 2364 970 2432 litterae
1002 2364 1070 2432 illae
1091 2364 1264 2432 confirme-

219 2470 238 2502 “
260 2466 363 2533 tionis
376 2473 499 2534 nostrae
513 2488 611 2553 super
624 2468 790 2534 sententia
804 2464 1151 2534 excommunicationis
1165 2487 1264 2553 quum

218 2575 236 2605 “
259 2567 412 2634 dominus
439 2568 580 2635 Ellensis
614 2567 751 2635 dederet
783 2569 819 2634 in
852 2569 1005 2635 comitem
1041 2566 1205 2634 Meretoni
1229 2572 1264 2633 et

219 2677 239 2706 ‘⁴
261 2669 297 2734 in
312 2670 611 2764 Rothomsgensem
633 2669 910 2758 archiepiscopum
933 2675 968 2736 et
989 2669 1162 2758 complices
1181 2691 1265 2751 suos,

222 2781 240 2808 “
268 2772 327 2859 qui
358 2794 434 2838 eum
467 2772 630 2839 violenter
651 2795 673 2838 e
694 2772 852 2861 regimine
874 2773 1006 2861 anglice
1027 2770 1224 2859 dejecerunt,
1245 2792 1268 2837 a

221 2883 240 2911 “
263 2875 465 2964 conscientie
495 2880 617 2953 nostra
639 2880 674 2941 et
707 2897 728 2939 a
756 2874 929 2942 voluntate
951 2879 1208 2941 emanaverunt:
1232 2878 1267 2940 et
1296 2891 1413 2935 nme.

220 2983 238 3012 “
261 2996 316 3042 eas
349 2975 458 3042 sdbuc
491 2977 582 3043 'rates
607 2975 774 3053 habemus,
798 2980 832 3042 et
852 2996 908 3042 eas
929 2975 1138 3064 precipimus
1160 2974 1267 3041 invio·

221 3083 240 3114 ‘⁴
262 3076 409 3144 labiliter
442 3076 618 3158 observari,
646 3079 749 3144 donec
779 3075 931 3165 prsedioti
961 3098 1069 3144 comes
1099 3076 1140 3144 de
1163 3075 1267 3142 llere-

222 3184 239 3216 “
263 3184 341 3245 tone
375 3186 411 3246 et
441 3179 700 3268 archiepiscopus
722 3178 1005 3268 Rothomagensis,
1029 3185 1063 3246 et
1095 3178 1267 3266 complices

223 3286 241 3317 “
263 3281 324 3359 sui,
346 3280 389 3346 ad
410 3282 609 3370 condignam
632 3280 891 3349 satisfactionem
912 3279 1134 3369 perveniant''

267 3383 409 3450 Interim
439 3382 553 3449 nuncii
583 3404 665 3470 quos
687 3381 921 3449 Dunelmensis
942 3383 1112 3472 episcopus
1133 3381 1268 3447 miserat
1278 3384 1415 3481 {law

222 3491 339 3552 contre
362 3484 558 3551 Gaufuidum
585 3484 823 3551 Eboracensem
853 3485 1133 3574 archiepiscopum
1163 3483 1268 3551 redie-
1279 3485 1395 3541 ΨΜ

1280 3536 1384 3585 Durbm

223 3592 311 3665 runt,
325 3590 496 3675 portantes
517 3585 646 3652 litteras
661 3586 782 3652 summi
804 3585 968 3682 pontilicis
985 3586 1023 3652 in
1045 3586 1107 3653 huc
1120 3580 1426 3682 formastpggffivlmtb

261 3713 281 3739 “
292 3709 467 3767 Caelestinus
481 3706 673 3782 [episcopus]
686 3727 789 3796 servus
807 3726 959 3767 servornm
976 3709 1042 3788 Dei,
1055 3709 1271 3766 venerabilibus
1281 3689 1394 3742 theme

227 3797 245 3823 '¹
265 3794 406 3850 frutribus
425 3792 622 3849 Lincolniensi
648 3801 679 3849 et
702 3793 823 3850 Βοίοιιοί
848 3793 1003 3865 episcopis,
1022 3797 1053 3850 et
1076 3792 1272 3849 dilecto-lilio

259 3949 267 3982 ¹
282 3946 458 3999 molesteris
469 3946 545 4013 given
556 3946 724 4012 byHoveden
774 3959 843 4012 year.
865 3945 905 3999 cs.
913 3945 1053 4008 Metel.
1069 3945 1192 3997 llovedm
1203 3946 1273 4008 udde,

226 4030 306 4079 unse
327 4027 370 4078 ne
392 4040 454 4093 ,ee
477 4011 725 4087 1101,suo'ne
776 4025 829 4076 ce
855 4025 898 4076 ue
918 4027 1042 4091 ceges·
1064 4032 1103 4076 m
1128 4034 1156 4077 o
1181 4025 1273 4076 ιιωιι.

226 4103 725 4158 reserstoitrstberesultolumissiou
775 4104 1273 4171 enpunmdprorognedtheirsudon

226 4194 254 4237 to
275 4186 355 4236 Rome
376 4183 405 4233 in
435 4198 606 4249 consequence
630 4183 660 4234 of
683 4183 725 4234 the
776 4183 840 4234 until
851 4183 914 4249 July
924 4189 945 4235 l.
961 4183 1016 4233 ‘l'he
1027 4184 1101 4235 letter
1110 4184 1274 4246 mustthcrc·

227 4262 477 4325 crematorum,
485 4263 629 4314 mentioned
638 4264 726 4323 above,
776 4263 839 4325 lore,
849 4262 914 4313 bare
921 4264 984 4314 been
995 4262 1109 4313 received
1116 4262 1220 4328 earlyln
1231 4262 1275 4314 ue

230 4360 254 4408 p.
280 4349 337 4403 2³6,
366 4343 388 4392 it
416 4344 538 4409 probably
568 4343 673 4406 belongs
700 4350 727 4393 to
776 4355 844 4407 ιω.
866 4340 1275 4407 Accordingtooemsemssr)

230 4423 344 4487 Junuary
366 4437 395 4471 or
417 4422 546 4488 Februury
568 4427 639 4472 1192.
672 4421 727 4472 'l'be
747 4423 751 4452 ¹
777 4421 891 4473 tbellnd
907 4422 1015 4472 concord
1034 4419 1274 4486 utsoenoeoffny

231 4501 362 4553 curiosas
380 4508 406 4551 at
424 4499 584 4551 theutenn
604 4501 667 4550 bom
685 4499 727 4550 llic
747 4462 752 4549 l
778 4502 828 4551 and
845 4499 1162 4566 Hughvasmadebefore
1179 4499 1275 4551 thede-

232 4579 365 4632 micneos
379 4580 507 4644 seem
518 4588 545 4631 ω
561 4579 623 4645 ury
634 4578 660 4630 n
677 4579 728 4631 uu
748 4555 753 4644 Ι
778 4579 1100 4644 memoriensem
1111 4579 1138 4630 u
1150 4579 1268 4631 cesse
