3270 5476
380 598 471 664 clviii
694 615 844 675 moussr
856 614 911 663 -or
932 614 1109 663 susurres.

212 790 355 953 ἔθ’·
380 788 522 854 dretiare
543 786 738 855 debuerint¹
784 755 830 855 Er
852 786 973 874 quibus
1001 786 1102 875 plegii
1132 783 1296 850 defuerint
1318 787 1427 848 custo·

213 1007 243 1052 1
246 1008 351 1105 locutu
381 889 567 1058 dmdtudrlt
556 991 787 1080 inquiratur
761 1015 790 1058 si
805 991 1021 1072 vicecomites,
1037 991 1092 1058 vel
1106 989 1293 1078 quicunque
1308 985 1425 1054 bailivi

212 1058 367 1206 ffihtte
379 1116 500 1171 eorum,
523 1094 578 1161 vel
601 1094 728 1162 domini
749 1094 906 1161 villarum
928 1094 984 1161 vel
1004 1092 1121 1160 bailivi
1151 1114 1274 1169 eorum,
1299 1089 1425 1178 aliquid

212 1209 342 1255 mom
379 1196 585 1264 reddiderint
608 1197 694 1264 da'‘
671 1219 712 1263 ns
743 1219 818 1285 quoe
847 1201 1048 1284 acceperant,
1081 1195 1135 1261 vel
1165 1195 1194 1261 ei
1225 1216 1337 1283 pueem
1367 1192 1426 1258 ali·

211 1271 479 1458 fflfflprequam
521 1321 596 1366 cum
633 1299 823 1367 hominibus
859 1299 998 1367 fecerint
1034 1303 1209 1387 postquem
1246 1297 1426 1363 audieruut

378 1402 561 1468 adventum
583 1402 711 1469 domini
744 1403 831 1490 regis
862 1424 921 1490 pro
955 1401 1141 1469 disturbare
1172 1422 1215 1467 ne
1243 1399 1321 1465 inde
1347 1403 1426 1464 ante

287 1585 288 1588 Ἴ
377 1526 487 1593 regem
508 1505 564 1572 vel
580 1504 731 1592 justitias
752 1505 958 1593 querimonia
979 1504 1115 1572 veniret

211 1613 366 1664 nm
423 1606 484 1674 XI.
508 1606 555 1672 Et
586 1607 627 1674 de
657 1608 823 1674 marciatis
853 1607 1050 1694 inquiretur,
1086 1606 1115 1671 si
1145 1605 1265 1692 aliquis
1293 1603 1425 1670 relaxus

210 1679 347 1765 mmm
378 1709 480 1775 fuerit
502 1730 562 1797 pro
584 1709 720 1796 praemio
749 1710 806 1776 vel
835 1731 946 1776 amors
968 1709 1009 1776 de
1031 1707 1093 1775 hoo
1117 1708 1206 1795 quod
1231 1707 1337 1795 primo
1358 1706 1426 1772 fuit

209 1769 326 1867 wne
377 1811 581 1878 amerciatus.
627 1811 673 1878 Et
695 1835 754 1900 per
775 1833 873 1900 quem
895 1811 957 1879 hoo
977 1810 1102 1877 fautum
1124 1810 1233 1877 fuerit.

209 1918 348 2018 mm
423 1912 503 1979 XII.
527 1914 573 1979 Et
595 1914 748 1981 similiter
778 1915 968 2001 inquiratur
996 1935 1055 2000 per
1085 1933 1197 2013 omnes
1219 1913 1424 1999 episcopatus

208 2020 356 2118 tumre·
376 2015 458 2102 quid
490 2021 525 2083 et
558 2022 722 2104 quantum
754 2022 790 2084 et
819 2039 887 2104 qua
918 2017 959 2083 de
990 2001 1090 2082 eausa
1116 2014 1339 2082 archidiaconi
1369 2015 1424 2080 vel

207 2073 492 2220 maureceni
518 2119 641 2206 injuste
670 2124 705 2185 et
735 2120 806 2187 eine
836 2118 963 2206 judicio
996 2118 1151 2206 ceperint,
1174 2122 1209 2185 st
1231 2117 1293 2185 hoo
1314 2121 1424 2184 totum

375 2221 547 2289 scribatur.

207 2328 351 2380 nuum
421 2323 524 2390 XIIL
548 2323 594 2390 Et
616 2325 806 2413 inquiratur
828 2324 887 2412 qui
911 2322 1038 2390 debent
1069 2323 1141 2411 regi
1169 2322 1363 2402 hominium,
1388 2327 1423 2389 et

206 2433 363 2498 “oothon-e·
374 2427 524 2494 nondum
545 2427 703 2508 fecerunt,
729 2450 836 2517 neque
866 2427 917 2493 illi
948 2449 1054 2515 neque
1076 2426 1145 2491 filio
1167 2447 1236 2505 sno,
1257 2430 1293 2493 et
1314 2425 1424 2492 inbre-

204 2485 349 2542 mm
372 2531 514 2599 vientur.

375 2691 548 2704 ..n-—
560 2690 659 2699 ...ι-ο
675 2691 757 2698 α..-
811 2692 815 2696 .
829 2688 1020 2698 ...--....---.
1035 2691 1317 2701 .—-—-—--—........
1328 2693 1385 2701 .---
1397 2694 1420 2701 -

405 2785 566 2839 munem
583 2784 701 2849 never,
712 2783 966 2835 wernerum
977 2753 1422 2837 cumnicle'vithreferenceroui·

371 2865 540 2932 equare.
