3270 5476
82 864 203 919 Hm.

81 918 184 964 mat.

698 671 852 727 mamni
1234 660 1299 726 123

250 848 372 916 dicitur
388 848 511 926 eastre,
524 847 616 934 [qnae
632 845 756 914 dividit
765 852 887 914 terram
903 847 989 935 regie
1002 847 1163 916 Navemae
1178 872 1199 914 a
1212 853 1302 915 terra
1329 873 1451 919 anum

250 952 338 1040 regia
353 949 514 1018 Oantellae.
561 949 607 1015 Et
621 952 712 1016 terrn
733 948 820 1037 regie
836 948 992 1017 Castellae
1008 949 1128 1037 incipit
1149 949 1193 1014 ab
1216 936 1456 1036 aquam&

251 1053 293 1119 de
330 1052 469 1143 castre]
503 1056 538 1117 et
567 1050 669 1117 durat
699 1073 804 1138 usque
829 1051 873 1117 ed
905 1055 1035 1116 montes
1067 1050 1109 1117 de
1145 1051 1217 1129 Sor,
1243 1052 1301 1138 qui
1314 1036 1438 1089 ”dm

252 1154 377 1220 dividit
399 1159 523 1219 terrem
553 1153 641 1241 regie
664 1152 815 1220 Castellae
844 1175 865 1218 a
893 1157 984 1218 terra
1006 1153 1092 1240 regis
1114 1153 1155 1219 de
1180 1152 1302 1219 Sancto

251 1255 385 1322 Jacobo.
440 1255 543 1320 Terra
565 1275 644 1320 vero
667 1255 755 1342 regis
777 1254 819 1320 de
843 1253 967 1320 Sancto
989 1253 1013 1320 J
1015 1253 1118 1320 ecobo
1141 1254 1303 1341 incipite

251 1357 422 1423 montibus
445 1357 487 1422 de
510 1356 582 1436 Sor,
606 1360 641 1422 et
663 1356 763 1422 durat
786 1377 888 1443 usqne
912 1353 956 1421 ad
985 1377 1107 1442 aqua-m
1138 1356 1179 1422 de
1203 1357 1302 1435 Mine,

251 1481 326 1546 qnae
349 1458 473 1524 dividit
504 1463 628 1524 terram
660 1459 748 1545 regis
779 1458 820 1524 de
855 1456 978 1524 Sancto
1000 1457 1126 1524 Jecobo
1159 1481 1180 1523 a
1210 1463 1302 1524 terra

252 1561 339 1648 regis
361 1560 629 1648 Portingaleneie.
673 1559 719 1624 Et
741 1564 831 1625 terra
852 1559 939 1647 regie
962 1559 1221 1647 Portingaleneia
1250 1561 1301 1625 in·
1315 1571 1424 1666 pm

255 1661 337 1750 cipit
359 1662 403 1727 ab
428 1683 515 1748 aqua
536 1683 618 1748 quae,
646 1661 770 1727 dicitur
792 1661 894 1740 Mine,
919 1666 955 1726 et
989 1661 1093 1726 durat
1126 1683 1229 1748 usque
1260 1662 1304 1727 ad
1316 1674 1395 1725 tue-1³

252 1764 395 1828 mediam
429 1763 519 1828 viam
550 1761 641 1827 inter
673 1761 784 1842 Silvis,
817 1767 853 1828 et
887 1762 1045 1828 Sanctam
1084 1762 1225 1828 Mariam
1263 1764 1303 1829 de

254 1864 406 1950 Hayrun.
461 1864 516 1930 Ibi
538 1886 617 1930 vero
648 1863 770 1950 incipit
801 1868 892 1929 terra
917 1885 1121 1951 paganorum
1144 1864 1203 1952 qui
1224 1871 1425 1977 wutffiffl

253 1967 290 2030 in
328 1964 495 2053 Hispania
533 1964 596 2030 sub
634 1965 833 2053 imperatore
871 1966 913 2031 de
948 1964 1108 2046 Morock;
1138 1972 1173 2031 et
1203 1967 1436 2064 durntnoornn'

172 2095 205 2136 m,
254 2089 357 2155 unque
379 2069 423 2134 ad
446 2073 594 2135 montem
628 2089 786 2156 magnum
818 2069 877 2155 qui
909 2067 1032 2134 dicitur
1056 2069 1228 2137 Μῃωίωι
1271 2032 1437 2135 Atoretom

253 2177 367 2237 monte
390 2191 469 2236 vero
492 2170 560 2250 illo,
576 2169 695 2255 incipit
717 2175 807 2236 terra
828 2170 915 2256 regis
930 2171 1133 2257 Ari-agoniae,
1148 2177 1183 2236 et
1206 2171 1305 2237 durat
1317 2187 1432 2280 ιΔὴπιιιοιιι

253 2272 344 2339 ultra
365 2272 538 2338 civitatem
561 2271 603 2338 de
625 2270 718 2338 Nice.
763 2272 809 2337 Et
842 2276 920 2360 poet
952 2271 1045 2339 illam
1071 2274 1242 2340 civitatem
1264 2239 1459 2341 dethgffiem

256 2373 349 2452 Nice,
373 2356 494 2462 incipit
531 2373 641 2452 Italia,
666 2377 757 2439 terra
790 2374 1001 2462 imperatorie
1032 2374 1169 2457 Romae;
1198 2382 1234 2443 et
1255 2337 1408 2442 entffirmulfnr

255 2475 304 2541 ibi
326 2476 445 2543 ciritae
480 2475 569 2543 bona
600 2495 675 2562 quae
701 2475 824 2541 dicitur
846 2474 1060 2542 Wintelmile.
1105 2477 1206 2545 Terra
1227 2499 1306 2545 vero

255 2577 465 2666 imperatorie
487 2577 588 2642 durat
610 2575 688 2641 inde
710 2598 813 2663 usque
835 2576 879 2642 ad
898 2576 1047 2659 Gaetam,
1063 2601 1138 2665 quae
1153 2585 1204 2645 eet
1218 2585 1306 2646 terra

255 2679 343 2766 regin
365 2678 497 2757 Siciliae,
531 2683 567 2743 ct
600 2682 652 2743 eet
682 2677 719 2741 in
742 2677 874 2764 Apulia,
898 2678 934 2743 in
966 2679 1025 2744 ille
1057 2686 1151 2767 parte
1174 2682 1306 2769 Apuliae

257 2803 331 2868 quae
353 2781 478 2847 dicitur
500 2778 705 2866 principatus
728 2779 860 2867 Capuae.

302 2882 482 2948 Sciendum
498 2902 577 2947 vero
593 2887 645 2948 est
667 2881 757 2967 quod
773 2881 810 2945 in
824 2881 936 2948 media
950 2882 1008 2947 vie
1023 2883 1111 2949 inter
1126 2885 1307 2952 Mamiliam
1320 2909 1411 2954 nana

196 2982 203 2998 ⁸
257 2989 292 3051 et
326 2984 475 3050 Siciliam
507 2988 588 3048 sunt
621 2983 697 3049 dnae
731 2982 848 3050 insulan
878 3005 1016 3072 megnoe,
1038 3008 1178 3072 quarum
1202 2988 1308 3075 major
1319 2961 1445 3056 mm

257 3086 367 3151 insula
401 3085 524 3152 dicitur
555 3084 732 3165 Sardinia;
765 3085 870 3150 altera
906 3086 1029 3152 dicitur
1066 3087 1215 3177 Corzege.
1262 3061 1452 3158 Etmffly'

258 3189 372 3255 multae
394 3187 470 3254 aliae
493 3186 611 3252 insule
633 3192 712 3252 eunt
735 3186 821 3252 circa
843 3185 1012 3269 Siciliam
1049 3211 1189 3276 quarum
1218 3215 1308 3279 quae·

257 3291 334 3356 dam
357 3294 436 3357 sunt
458 3284 634 3354 tendentes.⁸
678 3287 760 3353 Una
780 3310 860 3355 vero
882 3312 1004 3371 earum,
1028 3293 1133 3379 major
1154 3294 1309 3361 omnibus

256 3392 333 3458 aliie
355 3391 526 3457 montibus
557 3388 624 3454 illie
656 3389 779 3456 dicitur
801 3390 883 3456 Mon
907 3391 1014 3472 Gibel,
1038 3395 1117 3481 quia
1139 3395 1189 3462 ita
1211 3397 1307 3463 vehe-

258 3498 386 3559 menter
408 3492 523 3558 ardere
546 3489 684 3571 solebat,
700 3492 789 3578 quod
810 3493 974 3558 marinam
997 3500 1126 3582 partem
1148 3499 1250 3565 marie
1272 3501 1308 3565 in

258 3596 400 3662 circuitu
432 3593 504 3679 ejus
541 3592 738 3670 desiccabat,
770 3598 805 3659 et
838 3595 945 3682 pisces
978 3597 1211 3681 comburebet;
1250 3604 1307 3669 sed

253 3697 325 3784 jam
335 3696 522 3782 plusquam
545 3693 770 3782 quedmffl'nta
801 3696 882 3761 enni
915 3700 1155 3783 praeterierunt,
1177 3725 1220 3768 ex
1242 3727 1307 3791 quo

259 3798 347 3886 ignia
378 3797 436 3863 ille
469 3797 641 3863 extinctus
683 3801 742 3877 eet,
775 3797 904 3864 meritis
941 3805 976 3865 et
1013 3803 1164 3889 precibus
1201 3805 1307 3874 beatae

259 3900 379 3987 Agatae
402 3898 543 3986 virginis
564 3901 600 3964 et
622 3899 788 3984 martyria

293 4078 763 4131 ‘Horetenhuhcreaehcrtnotice
807 4085 824 4112 “
840 4083 954 4134 monium
974 4087 1107 4151 perhibuit,
1123 4098 1148 4141 et
1164 4107 1251 4143 vemm
1271 4105 1309 4146 eet

261 4164 292 4216 oi
308 4162 353 4214 the
369 4162 428 4213 four
444 4161 553 4213 snm
576 4161 713 4227 kingdom
736 4162 769 4213 οἵ
808 4165 824 4193 “
843 4163 1014 4215 testimenium
1031 4168 1093 4231 ejus,
1105 4170 1165 4234 quin
1180 4188 1238 4224 cam
1255 4173 1308 4239 ipre

262 4242 347 4309 Spem,
358 4240 485 4303 (terdon,
497 4240 679 4305 emtam),
691 4240 764 4292 Hur-
808 4241 868 4291 “in
890 4257 977 4294 menn
998 4245 1101 4298 vidisset
1122 4249 1149 4298 tn
1169 4251 1220 4302 etta
1242 4254 1308 4314 navi,

262 4321 310 4382 cia,
321 4322 371 4372 and
382 4320 515 4372 Valentia
806 4324 825 4349 ‘⁴
843 4321 946 4386 quidam
961 4337 995 4374 ex
1011 4323 1123 4388 piacibm
1138 4327 1190 4379 illie
1201 4332 1308 4382 volenti-

294 4401 445 4452 ¹Hoveden
461 4400 521 4450 here
539 4399 586 4449 hu
605 4414 638 4450 an
657 4406 765 4451 account
808 4403 825 4428 ‘⁸
841 4401 889 4450 bne
900 4401 991 4453 cecidit
1002 4412 1060 4455 ante
1071 4404 1143 4455 illurn
1154 4421 1307 4472 supermen-

263 4480 293 4532 or
305 4479 449 4547 flyingflah
466 4494 524 4530 acen
541 4478 581 4530 off
595 4477 699 4530 cornice
714 4480 765 4529 and
808 4483 824 4510 ⁴‘
841 4478 920 4531 nm?

263 4559 399 4611 Sardinia:
418 4559 477 4609 “Et
488 4558 531 4623 qni
548 4557 599 4609 hoc
614 4557 680 4610 vidit
695 4557 765 4610 teati-
