3270 5476
213 1645 220 1660 ⁸
268 1666 528 1732 munitissimum
542 1667 631 1754 quod
645 1671 697 1733 est
710 1666 747 1731 in
768 1666 878 1734 medio
894 1665 1041 1734 fluminis
1062 1666 1118 1733 del
1140 1667 1215 1748 For,
1230 1668 1320 1734 inter
1331 1682 1430 1729 nem

723 676 876 730 mossur.
1254 664 1321 738 187

313 848 490 915 Trioesimo
511 848 567 915 die
588 870 648 915 rex
670 849 803 939 Angliae
836 851 995 918 transivit
1017 853 1157 920 fluvium
1179 854 1221 922 de
1243 853 1318 936 For,
1348 865 1470 970 2221ae

270 954 305 1016 et
333 952 420 1037 oepit
450 950 558 1018 locum
580 952 837 1021 munitimimum
865 954 924 1040 qni
946 953 1055 1021 dictur
1077 955 1124 1021 is
1146 954 1318 1045 Boignore,
1332 976 1435 1024 nim

268 1051 329 1117 uss
350 1053 497 1119 unone
518 1054 683 1142 regum
704 1054 777 1122 nso
799 1055 949 1123 emunt
967 1055 1102 1145 jugiter.
1159 1057 1202 1123 In
1232 1026 1479 1175 unffi?

269 1153 342 1220 tino
363 1176 442 1221 vero
464 1155 580 1223 Sancti
604 1156 776 1224 Michaelis
797 1157 988 1225 introduxit
1008 1178 1152 1226 sororem
1166 1180 1261 1226 suum
1284 1159 1445 1276 ἱμᾶσι

268 1255 377 1323 loonm
399 1257 493 1324 illum
516 1259 787 1341 munitissimum,
816 1263 853 1326 et
883 1258 1057 1327 dimittens
1078 1282 1151 1328 eum
1173 1260 1222 1327 ibi
1244 1282 1319 1328 unm

268 1358 434 1425 militibus
456 1365 491 1427 et
519 1361 741 1429 servientibus
770 1361 896 1440 multis,
920 1361 1022 1430 rediit
1047 1382 1108 1430 rex
1132 1362 1318 1431 Messanam

269 1461 357 1526 odh
417 1462 525 1530 itium.

314 1483 468 1630 Seooispndn
504 1563 558 1630 die
590 1562 743 1630 Ootobris
773 1564 860 1650 oepit
890 1586 950 1631 rex
984 1564 1117 1654 Anglim
1146 1564 1318 1633 osstellnm
1349 1569 1466 1680 &wlffs-

269 1766 456 1833 Oshbriom
494 1772 528 1834 et
566 1768 759 1846 Messunnm,
796 1769 885 1854 quod
930 1769 1053 1835 dieitur
1083 1770 1318 1836 monesterium
1330 1745 1435 1830 :siuns

269 1868 476 1936 Griffonum:
511 1875 547 1936 et
575 1870 688 1957 posuit
716 1870 753 1934 in
778 1868 838 1936 illo
859 1869 1064 1936 frumentum
1086 1876 1121 1937 et
1142 1871 1261 1937 vinum
1282 1835 1410 1937 σιω

267 1992 381 2037 eomes
402 1977 438 2038 et
459 1971 525 2037 slis
545 1971 869 2057 viotnuliusnoquoe
886 1971 928 2037 de
942 1971 1205 2059 Angliuetuliis
1219 1970 1319 2038 terris

268 2071 337 2138 suis
357 2077 393 2138 et
414 2073 548 2139 slinnde
570 2094 630 2160 per
650 2094 742 2139 mure
763 2078 936 2140 venerunt.
984 2073 1069 2140 Cum
1096 2077 1208 2140 sutem
1229 2072 1319 2140 oives
1330 2067 1466 2164 J&

267 2173 428 2241 Memsnse
449 2175 614 2241 vidissent
636 2175 726 2261 quod
746 2196 807 2241 rex
830 2173 966 2262 Anglire
988 2173 1183 2242 inonstello
1204 2174 1247 2241 de
1269 2169 1473 2240 horem.

269 2274 432 2362 Bnignnre
453 2298 528 2343 oum
549 2297 660 2344 sorore
681 2297 742 2343 sne
762 2276 947 2343 servientes
977 2277 1148 2364 posuisset,
1171 2280 1207 2344 et
1229 2277 1319 2364 quod

267 2375 337 2463 ipse
373 2378 411 2443 iu
446 2378 647 2445 monasterio
686 2377 874 2444 Griffonnm
907 2399 982 2444 oum
1015 2378 1217 2445 virtualibus
1249 2379 1318 2445 suis

266 2479 391 2546 milites
404 2484 440 2546 et
454 2481 634 2546 servientes
647 2480 819 2566 posuisset
828 2478 1018 2546 mouerunt
1029 2501 1105 2546 sum
1119 2485 1317 2568 snspeotum,

268 2581 478 2667 oonjioientes
509 2582 598 2668 qnod
629 2585 736 2647 totum
766 2586 941 2669 oooupuret
971 2580 1116 2647 insulem
1137 2581 1167 2647 si
1188 2587 1319 2669 possst3

268 2687 304 2749 et
326 2682 403 2749 inde
426 2682 467 2749 de
489 2681 578 2749 fnoili
599 2682 797 2750 commoveri
819 2688 975 2770 poterunt
996 2687 1112 2749 oontrs
1133 2703 1217 2752 enm.

312 2948 959 3032 Deciisoorsiioiutsroioesiieesuooe
981 2967 1144 3048 eorsum
1164 2959 1315 3048 Artabio.

313 3136 413 3205 Unde
427 3139 568 3227 eontigit
582 3137 672 3225 quod
686 3136 787 3205 tertis
800 3135 856 3203 die
867 3134 1021 3204 Octobris
1037 3134 1201 3202 diseoruiu
1214 3155 1318 3202 emer·
1365 3147 1445 3195 osso

267 3237 313 3306 sit
335 3239 425 3307 inter
448 3240 629 3308 exercitum
654 3239 739 3328 regis
753 3238 885 3328 Anglioe
912 3242 947 3304 et
975 3238 1062 3305 cives
1077 3236 1260 3318 Messsnae3
1281 3197 1432 3303 etim

268 3339 306 3407 in
334 3346 467 3408 tuntum
488 3342 635 3407 exerevit
665 3362 708 3407 ex
729 3345 871 3427 utroque
893 3345 987 3428 purte
1009 3338 1205 3428 indignstio
1227 3298 1457 3454 quod&

268 3443 356 3510 oives
377 3443 565 3510 clauserunt
587 3446 700 3530 portus
721 3441 878 3522 civitatis,
899 3446 936 3507 et
957 3440 1077 3507 armati
1099 3439 1317 3507 usosndernnt

268 3567 399 3627 muros;
431 3552 466 3613 et
486 3544 545 3611 olii
566 3545 681 3611 domos
710 3543 856 3610 civitatis
887 3541 1091 3621 fortissimus,
1120 3540 1179 3607 ulii
1208 3540 1318 3607 mnni-

267 3646 376 3714 tioues
390 3668 490 3735 supro
503 3651 614 3734 portus
627 3646 846 3712 intrsvernnt
890 3643 1040 3730 Onmque
1055 3641 1218 3709 exereitus
1230 3641 1318 3730 regis

267 3748 340 3816 haee
360 3749 505 3815 audisset
535 3753 571 3815 et
591 3748 741 3826 vidisset,
762 3751 927 3813 venerunt
949 3767 1025 3812 oum
1046 3746 1175 3833 impetu
1196 3766 1317 3833 magno

267 3853 312 3919 sd
333 3857 445 3939 portos
466 3850 621 3917 civitatis
667 3850 741 3915 Rex
755 3869 834 3915 vero
856 3849 893 3913 in
914 3868 998 3934 equo
1020 3846 1224 3914 velocissimo
1245 3867 1429 3916 nur-m

267 3954 392 4021 situbst
413 3975 471 4041 per
492 3953 682 4030 exereitum,
705 3950 824 4018 broulo
845 3949 1021 4016 verberuns
1042 3968 1253 4036 quoscunque
1273 3920 1476 4022 afflui*

268 4056 337 4123 suis
358 4055 564 4143 strumoso
593 4053 707 4120 volem
725 4052 800 4119 ulos
831 4051 874 4118 ab
905 4051 1035 4117 musa
1068 4049 1228 4132 omens,
1258 4021 1473 4126 seems

267 4157 427 4244 neuun
473 4156 620 4222 ransom
642 4151 743 4221 mous
764 4153 808 4219 ss
829 4152 1011 4240 hospitium
1033 4173 1153 4234 suum
1184 4155 1219 4218 os
1241 4121 1460 4218 ΝΜ*

267 4282 301 4327 se
322 4263 481 4325 urmusset
502 4258 623 4324 iterum
645 4256 753 4322 exivit
783 4254 826 4320 ud
860 4254 1119 4342 extinguendum
1151 4252 1315 4319 molitiem

266 4363 295 4428 si
322 4366 439 4449 posset.
494 4359 614 4426 Postea
638 4357 782 4423 intruvit
811 4357 968 4444 oymbom
997 4377 1108 4432 uuum
1130 4359 1166 4420 et
1186 4355 1251 4421 ivit
1271 4354 1316 4420 od

266 4464 427 4552 pslstium
463 4460 551 4550 regis
587 4459 747 4527 Tnnorsdi
791 4459 834 4524 sd
878 4458 1079 4544 loquendum
1126 4476 1202 4521 oum
1237 4476 1314 4543 rege

266 4566 424 4644 Frnnoioe,
445 4569 480 4631 et
501 4563 667 4630 eonsulere
689 4583 766 4628 enm
792 4582 890 4648 snper
911 4559 953 4624 iis
975 4581 1050 4645 quse
1072 4557 1289 4645 contigerunt
