3270 5476
56 819 176 919 lt't‘t

179 3495 187 3516 ‚
281 3440 423 3507 Interim
457 3438 606 3525 Rogerus
635 3437 739 3502 frater
770 3435 922 3525 praedicti
957 3437 1095 3503 Roberti
1136 3435 1285 3502 Viscardi
1298 3460 1374 3516 sag„

667 628 819 679 nicanor.
1208 615 1270 678 201

225 821 300 865 cum
322 799 404 865 viris
426 799 493 864 suis
515 800 653 864 amictis
675 804 710 865 et
731 800 915 880 bellicosis3
937 808 972 867 et
993 802 1127 880 insulas,
1151 802 1275 867 scilicet
1298 824 1420 868 anun.

227 901 369 979 Cretam,
393 905 429 966 et
451 899 608 980 Coverfo,
631 905 667 966 et
690 900 807 982 Bodas,
830 909 866 968 et
887 902 971 968 alias
993 903 1118 969 insulas
1153 903 1276 968 multas
1286 887 1414 981 iiiii&

226 1001 263 1067 in
296 1003 437 1068 circuitu
469 1002 534 1068 sibi
565 1001 787 1088 subjugavit;
819 1004 1038 1090 pervenitque
1071 1005 1115 1070 ad
1141 1010 1276 1090 portum
1288 985 1399 1033 ww

227 1103 285 1189 qui
315 1124 405 1170 nunc
436 1103 572 1170 nomine
605 1124 665 1169 suo
701 1111 917 1191 nuncupatur
953 1104 1074 1171 Portus
1105 1103 1276 1171 Wiscardi

228 1203 303 1285 Quo
339 1226 414 1270 com
441 1203 637 1292 progredere
662 1203 831 1286 voluisset,
862 1211 897 1272 et
923 1205 1051 1271 intrare
1082 1206 1120 1270 in
1154 1205 1278 1270 Ruma-

227 1303 328 1382 niam,
343 1305 459 1371 Alexis
474 1305 655 1391 imperator
669 1305 973 1393 Constantinopolis
991 1305 1165 1372 mandavit
1179 1305 1279 1393 niori

229 1406 379 1494 predicti
402 1406 541 1473 Roberti
564 1407 737 1485 wiscardi,
771 1407 860 1493 quod
891 1407 920 1473 si
949 1407 1023 1494 ipss
1048 1407 1160 1473 virum
1182 1428 1278 1473 suum

229 1508 301 1572 neci
325 1506 526 1584 tradidisset,
560 1512 596 1573 et
625 1507 672 1574 sic
701 1512 825 1573 terram
855 1529 947 1573 suam
974 1508 1015 1573 de
1037 1529 1075 1575 eo
1099 1507 1277 1585 liberasset,

229 1605 287 1673 ille
308 1608 444 1674 duceret
466 1629 539 1673 enm
561 1608 599 1674 in
620 1629 757 1675 uxorem
787 1613 822 1674 et
851 1608 973 1675 laceret
998 1629 1071 1674 sam
1093 1608 1279 1695 imperatri-

231 1730 301 1774 cem
339 1709 654 1795 Constantinopolis.
709 1708 881 1777 Concessit
916 1709 1030 1796 itaque
1067 1708 1186 1774 mulier
1222 1709 1281 1772 illa

229 1809 396 1876 voluntati
430 1810 647 1897 imperatoris,
678 1815 714 1876 et
748 1810 843 1876 dedit
874 1810 995 1876 marito
1024 1831 1084 1876 suo
1115 1830 1280 1877 venenum

230 1912 367 1992 bibere3
389 1917 424 1978 et
439 1917 592 1980 mortuus
607 1918 677 1977 est:
702 1917 737 1977 et
753 1912 875 1978 ibidem
899 1912 936 1978 in
957 1911 1066 1978 insula
1088 1933 1163 1998 qnia
1177 1932 1280 1997 usque
1313 1925 1430 1968 forov-

231 2013 268 2078 in
290 2013 486 2078 bodiemnm
516 2013 604 2079 diem
638 2012 761 2079 dicitnr
794 2012 916 2091 Portus
939 2012 1103 2078 Wiscardi
1131 2012 1423 2099 sepultnssnoatn.

232 2114 307 2195 fuit,
341 2120 376 2181 et
409 2120 503 2180 totus
533 2115 700 2181 exercitus
731 2113 802 2199 ejus
834 2113 1012 2200 dissipatus
1050 2120 1109 2180 est
1160 2113 1281 2178 Mulier

231 2221 344 2282 autem
366 2215 436 2300 ejus
457 2215 547 2302 fugit
569 2216 612 2281 ad
634 2215 868 2302 imperatorem
890 2214 1202 2301 Constantinopolis,
1224 2214 1281 2299 qni

232 2339 306 2384 eam
328 2316 582 2382 conventionem
605 2316 637 2382 ei
659 2315 862 2403 adimplevit
909 2315 1008 2380 Illam
1042 2336 1184 2401 namque
1218 2315 1282 2380 sibi

233 2418 447 2506 desponsavit
481 2422 517 2484 et
554 2417 727 2483 coronavit
762 2416 800 2481 in
836 2416 1107 2503 imperatricem
1143 2421 1178 2482 et
1208 2437 1282 2481 cnm

232 2520 340 2587 omnis
361 2518 552 2586 solemnitas
574 2518 611 2582 in
633 2518 884 2605 desponsatione
907 2525 942 2584 et
964 2519 1172 2585 coronatione
1195 2518 1283 2583 facta

232 2626 325 2699 esset,
348 2622 398 2686 ita
412 2621 501 2706 qnod
522 2620 596 2707 ipsa
609 2619 733 2685 diceret
755 2618 955 2705 imperatori,
982 2619 1088 2684 “dam
1104 2618 1283 2704 perfecistis

233 2735 250 2763 “
272 2727 356 2791 mihi
377 2731 484 2791 totam
507 2725 760 2790 conventionem
780 2722 918 2802 meam,”
938 2725 1117 2810 imperator
1138 2724 1284 2790 ostendit
1296 2734 1429 2828 moran

233 2853 342 2897 coram
365 2830 572 2917 imperatrice
594 2835 630 2895 et
652 2828 743 2894 omni
766 2827 886 2914 popolo
909 2830 1161 2895 conventionem
1184 2848 1283 2912 quam

233 2933 303 3019 ipse
326 2931 361 2997 et
383 2931 443 2997 illa
472 2932 627 3011 fecerant,
651 2934 686 2996 et
707 2929 850 3016 qualiter
880 2930 939 2995 illa
969 2931 1071 2996 morti
1101 2930 1286 2995 tradiderat

234 3033 391 3099 maritum
414 3055 512 3099 sunm
534 3032 719 3098 Robertum
743 3030 913 3097 Wiseard:
939 3038 973 3097 et
994 3032 1150 3118 quaesivit
1172 3031 1216 3097 ab
1238 3031 1285 3096 eis

229 3134 394 3222 judicium
417 3135 458 3200 de
480 3156 520 3199 ea
542 3136 577 3199 et
606 3131 808 3212 consilium
841 3137 876 3198 et
910 3153 1024 3208 omnes
1048 3132 1284 3218 judicaverunt

235 3259 308 3304 eam
331 3257 423 3302 ream
444 3234 571 3314 mortis,
602 3238 638 3300 et
668 3254 804 3300 accenso
833 3254 914 3321 rogo
943 3233 1003 3298 illa
1024 3234 1146 3319 injecta
1168 3239 1227 3313 est,
1250 3238 1286 3298 et

236 3340 273 3404 in
295 3339 438 3404 cinerem
460 3337 601 3402 redacta

1299 3513 1403 3556 Wtsoard

179 3544 186 3559 '
235 3541 416 3609 debellavit
431 3539 566 3626 Siculos,
588 3543 623 3604 et
646 3543 753 3604 totam
774 3537 839 3603 sibi
861 3538 1054 3625 subjugavit
1075 3538 1231 3616 Siciliam,
1253 3542 1409 3610 etesium

236 3644 344 3711 factus
367 3647 418 3708 est
440 3661 547 3707 comes
570 3639 698 3707 Sicilia.
754 3639 868 3705 Sicilia
897 3640 1007 3705 insula
1029 3650 1080 3705 est
1101 3661 1231 3727 magna,
1253 3645 1287 3705 et
1298 3613 1375 3667 Μ’·

237 3752 318 3812 tnnc
340 3742 505 3830 temporis,
534 3753 715 3827 antequam
745 3740 925 3828 praedictus
947 3741 1115 3807 Robertus
1138 3763 1209 3806 eam
1233 3739 1288 3805 de·

238 3847 404 3924 bellasset,
427 3845 496 3910 suit
517 3842 708 3908 inhabitata
737 3841 876 3928 paganis
909 3848 943 3908 et
973 3848 1044 3908 erat
1074 3843 1116 3908 de
1143 3842 1288 3908 dominio

238 3947 447 4035 imperatoris
461 3946 503 4011 de
518 3944 679 4010 Marrohc
726 3943 792 4009 Sed
815 3943 972 4030 praefstos
996 3943 1143 4030 Rogatus
1165 3943 1288 4030 eripuit

240 4071 311 4116 eam
334 4049 375 4114 de
398 4046 551 4112 manibus
574 4045 673 4122 illius,
696 4050 731 4109 et
753 4043 899 4130 expulsis
921 4044 999 4109 inde
1022 4045 1160 4130 paganis
1183 4044 1287 4132 legem

241 4149 367 4218 Christi
389 4149 425 4213 in
448 4157 497 4213 es'
510 4146 637 4235 primns
659 4143 870 4211 introduxit.¹
924 4144 1056 4210 Deinde
1086 4145 1171 4211 obiit
1200 4145 1288 4211 filius

275 4339 283 4372 ¹
301 4339 425 4389 Hoveden
439 4338 510 4396 adds
527 4334 652 4387 “etfacit
668 4333 695 4384 in
712 4349 743 4384 ea
762 4337 767 4436 1
785 4333 847 4399 only
857 4333 1032 4398 monopolitan
1044 4349 1085 4384 see
1095 4332 1123 4382 in
1136 4332 1215 4399 Sicily
1223 4333 1288 4383 until

242 4423 258 4448 ‘⁴
274 4418 338 4468 daos
354 4415 584 4480 archiepiscopatu
594 4421 620 4465 ct
631 4428 677 4464 sex
690 4413 744 4477 epi·
788 4417 861 4476 1166,
872 4412 947 4462 when
965 4412 1077 4464 Messina
1092 4427 1145 4462 vu
1161 4411 1244 4463 taisel
1261 4419 1288 4462 to

242 4502 258 4526 “
275 4494 415 4561 scopstns.”
461 4493 596 4559 Wrongly,
629 4492 670 4542 ior
700 4491 744 4542 the
787 4489 927 4542 murem.

242 4572 432 4638 archbishopric
449 4572 478 4624 oi
494 4572 610 4623 l'alermo
630 4586 683 4623 vsa
702 4569 745 4621 tho
