3270 5476
715 670 863 722 mosum
1248 648 1312 721 187

268 849 286 876 “
308 840 397 920 fucit,
420 842 456 905 et
477 837 665 904 auferamus
686 837 729 904 sb
751 861 790 906 eo
811 839 982 907 civitatem
996 838 1087 926 Tyri,
1105 837 1183 924 quin
1204 841 1312 903 certus
1336 852 1464 948 inni·

267 952 285 979 ‘⁴
308 965 380 1008 sum
417 941 505 1029 quod
543 964 582 1008 os
618 962 693 1028 qum
729 940 809 1008 fucit
845 963 913 1008 non
950 941 1030 1008 fncit
1073 962 1132 1030 per
1176 904 1467 1061 mgem''s÷⁸n⁰i⁸us‘o

269 1044 436 1133 Principes
457 1044 622 1111 exercitus
651 1065 821 1112 assensum
850 1044 1064 1132 praebuerunt
1093 1042 1192 1110 dictis
1220 1042 1314 1129 regis
1325 1015 1483 1119 iimw

269 1149 418 1234 Cumque
456 1149 557 1236 Hugo
594 1146 665 1213 dux
702 1147 904 1235 Burgundiae
951 1147 1092 1215 vidisset
1129 1168 1185 1213 cor
1229 1118 1450 1232 regisffi'es

269 1251 401 1338 Angliae
423 1250 474 1317 its
494 1251 748 1329 inflammatum,
770 1250 829 1333 nit,
854 1250 1053 1318 “Sustineto
1074 1269 1260 1338 parumper,
1282 1251 1317 1312 et

127 1389 154 1421 ov
183 1388 221 1429 en,
270 1360 288 1389 “
311 1353 474 1420 dimittite
495 1374 548 1418 me
571 1352 650 1419 illuc
672 1352 740 1434 ire;
761 1359 796 1419 ot
817 1353 883 1419 uisi
905 1375 966 1442 ego
988 1375 1042 1420 eos
1064 1353 1242 1431 adduxero,
1256 1350 1318 1415 fist

141 1439 176 1473 '¹‘
269 1463 288 1491 “
311 1455 401 1542 quod
422 1454 620 1522 volueritis’'
666 1454 798 1522 Placuit
818 1477 924 1523 sermo
947 1456 1012 1523 iste
1035 1456 1106 1544 regi
1133 1461 1168 1522 et
1191 1452 1318 1521 cunctis

270 1557 490 1625 audientibus

315 1661 443 1727 Octava
463 1660 570 1749 igitur
592 1660 647 1727 die
676 1661 799 1728 mensis
821 1661 976 1750 Augusti,
1000 1662 1071 1728 dux
1093 1658 1316 1749 Burgumdiae¹
1352 1691 1469 1745 sagmen

271 1765 448 1851 assumpsit
477 1784 585 1830 secum
608 1762 792 1830 Robertum
815 1763 1045 1832 Belvnoensem
1068 1766 1254 1853 episcopum

272 1866 459 1933 Gnidonem
481 1865 523 1930 de
544 1863 718 1952 Dsmpom,
734 1872 769 1934 st
784 1865 989 1933 willelmum
1012 1867 1053 1933 de
1068 1866 1205 1949 Metlon,
1223 1863 1320 1931 fumi·

271 1968 368 2035 liures
391 1966 545 2035 Conrndi.
590 1967 637 2033 Et
659 1990 719 2035 rex
742 1969 875 2057 Angliae
895 1969 1071 2037 associavit
1092 1970 1140 2036 eis
1161 1989 1204 2036 ex
1225 1973 1320 2056 posto

271 2092 332 2137 sus
369 2071 552 2137 Robsrtum
590 2069 633 2136 de
665 2070 806 2153 Quinci3
838 2078 873 2139 et
909 2072 1049 2160 profecti
1079 2077 1160 2139 sunt
1193 2071 1320 2158 Tyrum

272 2181 389 2240 octavu
410 2173 464 2240 die
488 2174 610 2240 mensis
631 2173 786 2262 Augusti

316 2275 416 2341 Nono
437 2274 490 2340 die
521 2274 668 2362 ejusdem
698 2276 829 2358 mensis,
852 2276 935 2343 setin
967 2283 1071 2358 sextu
1094 2281 1167 2344 erat
1194 2277 1322 2366 primus
1351 2287 1467 2340 Ausum·

273 2378 343 2444 dies
373 2378 614 2466 peremptorius
644 2379 682 2443 in
715 2400 781 2466 quo
804 2379 897 2446 Orux
919 2379 1052 2461 Sancto,
1075 2385 1110 2447 et
1140 2355 1459 2468 supmdictiffi'ssiim

274 2479 455 2548 christiani
484 2479 608 2546 miuus
630 2485 665 2547 et
694 2481 883 2563 servimus,
910 2488 944 2550 e
974 2482 1117 2550 uuoenu
1138 2483 1244 2549 mm
1271 2456 1490 2602 ns-tfflptsffiti

273 2585 458 2650 annuorum
479 2583 574 2649 redu
604 2583 789 2652 seuuemo
813 2585 884 2673 regi
907 2585 1060 2673 Angh'ae3
1088 2590 1123 2653 et
1145 2585 1322 2652 minumus
1334 2557 1397 2654 uu
1439 2610 1441 2614 ·

274 2687 418 2754 debebat
438 2687 583 2774 recipere
614 2708 761 2774 paganos
793 2708 869 2754 suos
891 2709 1004 2755 omnes
1037 2689 1095 2776 qui
1117 2688 1204 2777 copti
1227 2693 1323 2755 erunt

273 2787 311 2854 iu
347 2789 485 2857 civitate
517 2790 638 2857 Ancon
694 2789 739 2855 Et
773 2791 851 2876 quis
879 2789 931 2855 illi
967 2812 1048 2878 quos
1084 2813 1144 2858 rex
1176 2790 1325 2858 Franciae

273 2891 460 2958 abduxerat
490 2890 639 2968 nondum
670 2897 841 2971 venerunt,
876 2897 1023 2959 statutus
1054 2899 1105 2960 est
1136 2893 1221 2959 elius
1254 2893 1325 2960 dies

274 2993 513 3084 peremptorius
535 3015 638 3081 usque
661 2994 697 3059 in
720 2994 808 3061 diem
829 2994 1042 3061 undecimum
1064 3000 1140 3084 post
1161 2995 1264 3062 illum.

320 3097 457 3164 Decime
485 3103 520 3164 et
542 3097 716 3174 undecima
744 3098 799 3164 die
824 3099 948 3165 mensis
970 3098 1126 3187 Augusti,
1149 3099 1219 3165 dux
1241 3098 1325 3164 Bur·
1336 3108 1493 3163 tus-1⁰⁸2

275 3201 410 3290 gundioe
439 3205 474 3266 et
503 3200 563 3287 qui
592 3221 667 3266 cum
689 3221 729 3267 eo
750 3200 844 3268 missi
872 3200 1005 3268 insuunt
1027 3223 1154 3270 morsm
1176 3171 1456 3276 fecerunta-”933⁰

277 3327 349 3373 cum
375 3302 527 3371 Oonrndo
550 3303 638 3391 opud
660 3302 794 3390 Tyrum
839 3303 1044 3372 Duodecimn
1072 3326 1152 3371 vero
1181 3305 1235 3371 die
1255 3273 1481 3390 summu

276 3408 367 3498 gusti
403 3406 574 3473 redierunt
606 3405 728 3489 Ancon,
762 3410 797 3473 et
830 3405 1044 3474 udduxemnt
1076 3407 1258 3475 Ksrmkois
1291 3403 1485 3473 st¹¹⁰¹⁸‘¹mm

277 3516 414 3579 caeteros
436 3531 582 3599 psgsnos
604 3530 687 3595 quos
709 3531 770 3576 rex
792 3508 941 3578 Francis
963 3509 1156 3578 obduxerat
1202 3510 1326 3577 Eodem
1338 3453 1473 3600 ἔξω

279 3614 333 3680 die
354 3634 416 3679 rex
437 3612 569 3699 Angliae
601 3610 757 3677 etmulti
788 3633 862 3678 cum
889 3633 927 3678 eo
949 3613 1104 3680 exierunt
1124 3613 1248 3680 fosseta
1270 3634 1326 3678 ex·
1339 3603 1495 3700 fflffiffld

278 3716 404 3782 teriora
425 3714 469 3780 nd
490 3712 694 3800 loquendum
716 3735 792 3780 cum
815 3713 1028 3781 Thekedino²
1050 3715 1153 3783 fratre
1168 3715 1326 3796 Snlndini,
1338 3704 1496 3801 'f'ffigffl

279 3819 336 3906 qui
373 3817 553 3884 oonsbntur
586 3816 693 3882 fucere
721 3837 833 3903 psosm
867 3817 957 3883 inter
986 3839 1097 3905 regem
1130 3817 1261 3907 Angliae
1294 3819 1433 3884 0st-

280 3921 493 3988 Snlndinum:
526 3919 584 3985 sed
613 3918 826 3984 Thekedinus
847 3939 916 3984 non
937 3920 1033 3985 venit
1054 3919 1098 3985 nd
1119 3918 1328 4007 loquendum,

280 4046 341 4092 nec
369 4025 462 4090 misit
492 4023 663 4103 nuncium,
685 4021 775 4088 unde
802 4043 862 4088 nox
894 4022 1072 4110 plurimum
1105 4023 1212 4091 iratus
1241 4023 1330 4092 dixit

316 4345 489 4410 'According
508 4352 535 4395 to
558 4343 601 4394 the
612 4333 782 4403 itinerarium,
826 4341 870 4393 the
889 4341 973 4393 whole
991 4343 1076 4402 danii,
1096 4344 1160 4395 mom
1177 4346 1220 4398 the
1237 4347 1280 4399 eth
1301 4357 1329 4399 to

282 4432 340 4489 242,
361 4426 404 4478 the
426 4425 514 4476 duks's
536 4421 701 4487 compsnions
717 4434 783 4472 vere
827 4421 871 4472 the
884 4422 943 4472 luth
953 4421 1084 4475 inclusive.

281 4508 370 4572 Drogo
389 4505 421 4555 os
436 4503 544 4554 Amicus
563 4503 614 4552 und
635 4500 730 4551 sobet
752 4501 784 4550 de
860 4497 872 4531 ²
893 4498 1042 4568 menso]
1062 4502 1125 4554 This
1142 4502 1164 4557 is
1179 4506 1329 4576 probsblyn

282 4584 391 4651 Quincy.
416 4583 540 4635 Hoveden
547 4581 622 4634 omits
629 4579 784 4646 orsbridges
829 4577 938 4632 munke
948 4579 988 4631 ibt
999 4579 1110 4634 Ssi'sdin.
