3270 5476
31 1139 151 1193 Emodon·

26 1190 147 1286 mit»

109 3309 117 3325 ·
187 3295 331 3342 mensem
354 3275 541 3360 episcopum
564 3275 600 3336 et
617 3270 821 3336 Willeimum
844 3271 885 3337 de
908 3272 1114 3338 Mandavilla
1135 3295 1234 3339 como·

1203 645 1248 720 87

199 827 252 897 iili
282 850 403 897 munus
436 830 653 901 ordinationis
682 832 737 898 vsi
754 834 1025 905 consecrationis
1056 835 1106 900 illi
1140 835 1246 902 facere
1270 853 1393 900 anum

197 937 444 1017 presumerent.
498 930 545 997 Et
581 953 680 1019 super
708 932 788 1000 boc*
804 933 848 999 ad
885 935 996 1001 sedem
1034 936 1246 1022 apostolicam
1281 903 1387 973 im

195 1033 385 1121 appellavit.

240 1134 433 1221 Insequenti
456 1157 534 1201 vero
556 1135 618 1214 die,
641 1136 765 1202 scilicet
787 1138 822 1202 in
845 1138 942 1205 xviia
967 1139 1020 1203 die
1036 1140 1236 1225 Septembris
1283 1138 1386 1191 ΒΜ·

196 1235 364 1303 Jobannes
395 1236 519 1303 electus
553 1236 713 1304 Candidas
748 1237 841 1305 Oasae
878 1245 1084 1306 consecratus
1121 1246 1173 1307 est
1208 1192 1246 1306 iri
1257 1199 1403 1295 ggffi„

195 1339 393 1425 episcopum,
423 1360 445 1403 a
473 1338 627 1404 iohanne
664 1337 868 1406 orvnrnensr
904 1341 1154 1428 archiepiscopo,
1187 1299 1389 1410 quiusa.

193 1440 463 1506 ministrantibus
492 1440 523 1504 ei
552 1439 697 1505 Formsii
722 1440 914 1507 Treverensi
944 1442 1183 1530 archiepiscopo
1210 1451 1245 1510 et

194 1538 361 1608 Concorde
378 1540 595 1627 Hegdunensi
609 1541 770 1627 episcopo,
792 1542 881 1629 apud
905 1542 1074 1610 abbatiam
1091 1545 1132 1609 de
1148 1545 1243 1632 Pipe-

192 1641 298 1722 wella,
329 1643 384 1709 die
414 1642 597 1720 Dominicis,
628 1641 713 1707 festo
746 1641 862 1708 Sancti
898 1644 1067 1711 lamberti
1099 1647 1243 1734 episcopi

190 1745 226 1810 et
250 1746 416 1829 martyris,
439 1759 507 1809 xv0.
531 1743 690 1808 ksiendss
717 1743 876 1812 Octobris.

235 1849 361 1916 Eodem
376 1850 430 1915 dis
446 1848 595 1915 Matildis
609 1847 680 1914 filiu
693 1849 785 1915 ducis
808 1849 971 1929 Saxoniae,
987 1873 1073 1916 uxor
1088 1852 1241 1919 Gausridi
1252 1863 1341 1923 Amyn
1350 1863 1376 1906 ⁰¹

190 1951 320 2018 comitis
342 1951 383 2018 de
405 1951 546 2030 Pertico,
576 1949 706 2016 rediens
728 1949 769 2015 ds
792 1950 1001 2018 Norrnsnnia
1023 1955 1059 2017 in
1082 1954 1239 2042 Angliam
1252 1911 1378 2014 iiidie.

191 2053 286 2120 venit
307 2053 351 2118 ad
375 2053 552 2118 Ricardum
573 2071 683 2136 regem
705 2051 838 2137 Angliae
860 2055 1062 2119 avunculum
1085 2076 1189 2120 suum.

235 2154 278 2220 In
300 2155 415 2220 eodem
436 2153 573 2219 concilio
604 2152 762 2218 Riesrdus
792 2175 852 2219 rex
881 2155 1013 2240 Angliae
1043 2156 1137 2222 dedit
1167 2155 1238 2223 Deo
1251 2182 1370 2225 nicusus

190 2260 226 2322 et
246 2254 345 2320 besto
360 2253 785 2333 OutbbertoDunslmensi,
809 2259 845 2320 et
867 2255 1006 2343 Hugoni
1022 2256 1238 2324 Dunelmensi
1249 2237 1329 2334 ἶῖἒὲἳ
1338 2237 1362 2276 ‘⁰

190 2355 348 2443 episcopo,
383 2362 418 2422 et
455 2356 608 2422 omnibus
644 2355 883 2422 suecessoribus
920 2357 999 2434 suis,
1036 2357 1236 2424 dominicum
1250 2332 1365 2427 m*

189 2457 372 2523 manerium
394 2478 491 2523 sunm
513 2456 554 2522 de
578 2454 774 2543 [Ssdberga]
796 2477 872 2522 cum
894 2458 1049 2524 omnibus
1072 2461 1238 2546 pertinen-

189 2562 247 2629 tiis
276 2565 354 2644 suis,
376 2570 411 2629 et
442 2584 517 2629 cum
539 2567 737 2650 wapentscs,
758 2567 890 2629 etcum
914 2565 1066 2629 omnibus
1088 2566 1131 2630 ad
1152 2567 1238 2652 regis

189 2685 343 2731 coronam
380 2663 633 2752 pertinentibus,
669 2664 740 2730 sine
777 2664 888 2751 aliquo
924 2666 1164 2747 retinemento;
1201 2673 1237 2733 et

189 2772 281 2833 osrts
301 2789 362 2833 sua
384 2765 601 2833 confirmavit
659 2764 705 2829 Et
737 2786 813 2830 cum
843 2766 905 2831 hac
927 2767 1132 2833 concessione
1155 2790 1237 2855 prae·

188 2866 298 2935 dictus
319 2869 490 2955 episeopus
519 2867 632 2953 quieta
660 2867 817 2933 clamavit
839 2868 910 2955 regi
932 2869 1068 2934 servitia
1089 2869 1236 2934 militum

189 2990 324 3035 suorum
346 2971 383 3035 in
406 2968 579 3044 Lindissis,
594 2966 720 3033 scilicet
742 2968 882 3034 servitia
904 2969 1050 3056 Philippi
1066 2970 1108 3035 de
1124 2969 1237 3055 Kyme

188 3074 224 3135 st
245 3070 431 3137 Beldewini
454 3067 555 3135 Wsc¹

233 3171 277 3238 In
307 3173 421 3239 eodem
452 3170 590 3237 concilio
622 3170 784 3236 Riosrdus
813 3190 874 3236 rex
904 3173 1078 3236 constituit
1111 3171 1402 3284 Danai-lliugpphmmhu·

186 3380 255 3444 tom
278 3374 491 3441 Albamsrlise
516 3371 718 3460 justitiarios
740 3372 894 3458 Angliae,²
914 3375 993 3458 quia
1009 3373 1170 3439 Ranulfus
1192 3374 1234 3440 de

188 3477 323 3544 Glenvil
341 3476 413 3563 jam
435 3474 526 3540 senio
548 3480 584 3538 et
605 3473 718 3538 labore
750 3472 926 3551 confectus,
955 3475 1013 3559 qui
1030 3474 1234 3557 justitiarius

186 3578 318 3668 Anglire
333 3588 479 3663 tempore
500 3575 587 3662 regis
602 3574 739 3639 Henrici
754 3575 937 3653 exstiterat,
953 3575 1109 3659 quaesivit
1123 3598 1144 3639 a
1158 3597 1234 3663 rege

187 3681 321 3748 Riosrdi
342 3678 511 3745 licentiam
534 3676 634 3741 eundi
656 3673 882 3740 Jerosolimam
907 3681 942 3739 et
965 3677 1097 3760 accepit.

231 3782 296 3847 His
318 3781 368 3846 its
388 3779 538 3866 peractis,
559 3776 784 3861 unusquisque
806 3776 849 3840 sd
872 3797 930 3840 sua
952 3776 1119 3840 remeavit.
1245 3775 1392 3880 {md

230 3881 371 3948 Interim
389 3880 550 3946 Ricardus
564 3899 623 3942 rex
639 3897 793 3963 magnum
810 3878 1022 3964 congregavit
1041 3876 1232 3955 exercitum,
1245 3886 1338 3981 fppnp
1332 3892 1397 3983 ,12³²

185 3988 219 4050 et
241 3982 334 4047 misit
353 3981 448 4046 ilium
471 4001 545 4044 cum
568 3976 721 4042 Johanne
743 3975 844 4042 fratre
866 3998 926 4041 suo
947 3977 984 4040 in
1008 3975 1167 4042 Wnlliam
1190 3979 1341 4044 odvthsn

185 4082 415 4151 debellandum
431 4081 554 4145 Resum
577 4077 683 4142 filium
700 4076 832 4142 Griffini
855 4098 963 4165 regem
988 4076 1028 4142 de
1044 4076 1230 4159 Sutwalles,
1244 4047 1316 4092 ‘m'

218 4321 227 4354 ¹
244 4320 309 4371 This
332 4328 373 4370 act
394 4319 416 4370 is
435 4318 512 4384 giren
535 4316 562 4366 in
582 4316 628 4367 bril
648 4317 683 4380 by
707 4317 711 4434 q
732 4320 748 4421 Γ
765 4315 827 4372 lum,
846 4323 871 4367 ct
888 4315 1039 4367 Gsustidum
1056 4314 1137 4365 fllium
1153 4315 1233 4378 Petri,

185 4398 448 4462 summosses.
741 4398 792 4445 ‘ct
811 4393 968 4444 willelmum
988 4393 1109 4454 Bruuere,
1129 4402 1154 4445 et
1180 4395 1231 4446 Ro-

218 4477 229 4511 ²
246 4478 304 4528 “Et
314 4475 448 4528 nausiavit
458 4489 516 4526 cum
527 4473 564 4524 eis
580 4473 606 4521 in
617 4471 683 4537 regi·
734 4476 749 4498 ‘⁸
766 4473 862 4523 bertum
873 4470 1091 4532 deWihtcteldst
1103 4472 1231 4537 Rogerum

187 4566 203 4588 ⁶·
219 4556 287 4608 mine
298 4554 370 4620 regni
382 4553 537 4605 wilielmum
550 4551 684 4602 Monuni·
733 4557 749 4580 ‘⁸
767 4549 848 4600 filimn
861 4549 1011 4600 semmei?
1045 4549 1114 4600 Aue
1133 4549 1230 4601 neves
