3270 5476
583 667 730 719 mmm
752 666 911 718 succum.
1228 653 1268 716 81

60 843 182 942 m
228 843 250 869 ⁴⁴
267 840 400 898 mmm
414 840 561 906 militumi
588 838 718 911 mittin
745 839 884 895 similitor
909 838 993 911 equie
1011 842 1043 894 et
1057 837 1144 913 librie
1162 842 1192 895 et
1208 853 1274 895 res·
1302 838 1422 942 §.3322

229 926 249 953 ‘⁶
267 924 348 980 tibur
378 927 409 979 et
435 923 631 989 rutimentis,
656 929 687 978 et
716 922 883 978 omnimode
905 922 1019 993 oepellc
1041 921 1224 989 olorinorum,
1244 918 1417 998 ‘’iorumnoo'

268 1006 417 1080 lapidibus
434 1006 573 1078 proemia
591 1011 653 1067 em
670 1005 846 1062 elericorum
864 1023 953 1077 qum
969 1005 1121 1062 hierem·
1318 999 1428 1096 ’ἥθ’

266 1116 286 1142 “
299 1113 369 1183 (Π.)
387 1111 554 1185 colligetur
579 1117 680 1169 sutem
696 1111 822 1184 pecurfie
846 1111 906 1168 iste
921 1111 954 1168 in
971 1112 1098 1184 singulis
1115 1111 1274 1184 percchiie,

231 1200 251 1227 ‘⁴
269 1201 414 1269 proeeenlc
437 1196 612 1270 presbytero
638 1196 794 1268 percchin,
823 1200 854 1252 et
879 1195 1143 1268 archipresbytero,
1162 1200 1193 1252 et
1218 1211 1277 1249 unc

231 1283 251 1310 '⁴
269 1278 438 1354 Templeric
455 1285 486 1337 et
502 1296 562 1335 unc
579 1278 792 1352 Hospiteleric,
806 1283 837 1335 et
854 1279 1000 1335 serviente
1018 1277 1130 1353 domini
1147 1278 1229 1351 regis
1247 1281 1278 1333 ct

231 1366 252 1393 '⁶
270 1362 379 1421 clerico
404 1362 497 1435 regie,
517 1362 664 1418 serviente
688 1361 808 1417 beronis
833 1365 865 1416 et
888 1360 997 1418 clerico
1023 1361 1087 1434 ejus
1112 1369 1144 1419 ot
1170 1359 1277 1416 clerico

231 1448 252 1475 '⁸
271 1445 418 1519 cpisccpi;
430 1492 433 1497 .
446 1445 525 1501 lecte
549 1443 633 1518 priue
651 1443 951 1500 excommunicatione
975 1445 1013 1501 sb
1039 1444 1276 1517 ercbiepisccpir‚

231 1531 252 1559 '⁴
271 1529 428 1602 episcopis,
463 1527 727 1602 ercbipreebyterie
757 1526 884 1598 cingulis
913 1526 946 1583 in
974 1526 1102 1598 siugulis
1115 1526 1278 1600 ‘pernobile

231 1614 252 1641 ⁶⁴
271 1629 360 1684 cuper
389 1627 639 1682 unumquemque,
672 1609 723 1682 qui
752 1609 898 1666 decimem
926 1615 1117 1682 preeuntem
1144 1608 1278 1682 legitime

232 1696 252 1725 “
270 1711 329 1750 non
341 1692 464 1759 dederit,
478 1692 533 1749 sub
550 1693 709 1765 presentie
726 1697 757 1747 et
768 1692 947 1749 conscientie
963 1692 1084 1750 illorum
1096 1692 1149 1764 qni
1160 1691 1277 1757 debent,

232 1780 253 1806 '¹
271 1777 350 1834 sicut
366 1776 478 1833 dictum
496 1781 551 1841 est,
564 1776 717 1832 intorem.
748 1775 789 1831 nt
806 1774 833 1830 si
851 1775 960 1846 sliquis
974 1775 1060 1847 juxte
1070 1774 1279 1832 conscientiam

232 1862 253 1888 ‘⁸
271 1860 393 1916 iliorum
403 1859 503 1914 minus
521 1856 636 1915 dederit
654 1874 743 1929 quem
760 1855 906 1923 debuerit,
920 1857 1070 1929 eligentur
1087 1857 1124 1914 de
1140 1857 1279 1931 psrccbie

233 1945 254 1973 ‘⁸
273 1948 400 2014 quotuor
415 1940 465 1999 rel
483 1958 534 1999 sex
551 1940 610 1998 riri
632 1940 771 2013 legitimi,
791 1941 844 2012 qui
857 1940 950 2013 jureti
967 1941 1068 1998 dicent
1084 1941 1278 2013 quentitetem

234 2027 254 2054 ‘¹
273 2025 357 2081 illem
383 2042 472 2098 quem
490 2024 543 2080 ille
560 2022 714 2081 debuisset
730 2023 859 2090 dixiese;
887 2031 919 2081 et
942 2028 1013 2081 tunc
1031 2025 1177 2098 oportebit
1191 2024 1278 2080 illum

233 2111 253 2138 '⁸
272 2107 470 2180 supereddcrc
489 2107 568 2180 quod
584 2107 682 2163 minus
700 2104 791 2164 dedit.

270 2216 290 2242 “
303 2211 387 2284 (111.)
407 2212 517 2270 clerici
541 2217 640 2269 sutem
665 2217 697 2269 et
722 2211 844 2279 milites,
873 2211 925 2284 qui
951 2229 1069 2269 crucem
1095 2217 1277 2286 occeperunt,

234 2300 255 2326 ⁴¹
273 2296 349 2353 nihil
366 2295 403 2352 dc
421 2296 536 2352 decime
559 2295 618 2352 iste
643 2293 764 2360 debunt,
784 2294 837 2351 sed
854 2293 891 2350 de
917 2296 1115 2370 propriosne
1133 2302 1165 2353 et
1187 2296 1279 2352 domi·

234 2381 256 2410 '¹
272 2380 357 2446 uicc;
376 2384 408 2436 et
419 2378 561 2452 quicquid
571 2378 704 2434 bomineo
716 2377 836 2432 illorum
854 2378 1010 2435 debuerint
1020 2379 1058 2438 ed
1075 2397 1149 2451 opus
1160 2380 1280 2436 illorum

235 2464 256 2492 “
275 2462 453 2534 colligentur
469 2479 523 2534 per
540 2460 735 2533 suprodicloe,
755 2465 786 2517 et
802 2459 847 2517 cis
863 2465 960 2517 totum
976 2461 1126 2518 reddetur.

271 2568 292 2595 ‘⁸
304 2566 387 2636 (IV.)
404 2565 545 2639 Episcopi
570 2570 670 2622 eutem
695 2582 749 2637 per
772 2564 888 2621 littores
907 2582 975 2622 suec
1000 2565 1032 2621 in
1056 2566 1183 2639 singulis
1199 2584 1284 2640 pero-

236 2651 257 2678 “
276 2649 352 2706 chile
382 2649 604 2723 episcopatuum
640 2665 761 2704 sucrum
789 2647 899 2704 socient
925 2649 1072 2718 nuncieri,
1102 2656 1134 2707 et
1167 2651 1200 2707 iu
1234 2650 1283 2706 dic

236 2735 256 2762 ⁸⁴
274 2731 401 2798 Netelie,
421 2739 452 2788 et
478 2730 580 2788 Senoti
605 2730 758 2803 septeni,
780 2736 812 2788 ct
836 2730 937 2788 Seucti
958 2731 1112 2799 Johmnis,
1132 2738 1168 2791 ut
1193 2751 1283 2790 nnuc·

235 2816 256 2845 ‘⁸
275 2816 402 2888 quinque
431 2812 576 2871 decimam
600 2818 792 2885 prsetexetem
817 2813 895 2869 infre
920 2813 1158 2889 Purificeticncm
1183 2816 1282 2872 Beda

235 2900 256 2928 ‘⁸
274 2897 410 2971 Virginis
433 2914 524 2970 peuce
552 2913 585 2954 se
612 2895 743 2968 colliget,
770 2897 905 2968 sequenti
932 2896 981 2953 die
1005 2897 1201 2973 etdcinoepo,
1220 2900 1282 2956 illie

235 2980 470 3055 “presentibus
497 2981 549 3053 qui
573 2979 646 3036 dicti
671 2984 750 3048 eunt,
769 2979 808 3036 ed
831 2979 930 3037 locum
957 2998 1016 3053 quc
1039 2989 1161 3043 rocobrs
1181 2983 1281 3049 fucrit,

236 3067 257 3096 “
275 3065 481 3137 uuusquisque
497 3063 656 3136 persolvet.

273 3173 294 3199 “
306 3169 359 3240 (1.)
378 3170 528 3226 Preteres
556 3173 700 3227 stetuburu
728 3173 776 3225 eet
804 3185 824 3224 s
854 3168 985 3226 Romenc
1013 3171 1170 3244 pontn'llce,¹
1204 3171 1395 3244 quodrmtbcr

237 3256 259 3285 u
277 3255 456 3326 quicumque
482 3252 607 3309 clericus
632 3252 682 3309 rel
707 3251 801 3308 leicue
827 3268 945 3308 crucem
969 3254 1141 3326 susceperit,
1168 3255 1205 3311 ob
1222 3231 1429 3326 omnem

237 3338 259 3366 ‘⁸
276 3336 364 3392 uibus
393 3334 522 3407 peccetis
551 3334 589 3391 de
613 3333 721 3407 quibus
746 3333 919 3407 poenituerit
946 3339 978 3390 et
1005 3324 1156 3393 contem
1181 3338 1281 3401 fucrit,
1295 3329 1438 3376 *ΝΜ

238 3421 259 3451 “
276 3419 451 3476 suctoritete
468 3416 536 3484 Dei,
555 3423 587 3474 ct
611 3417 765 3473 bcetcrum
790 3417 990 3489 spcstclcrum
1008 3418 1136 3476 fluorum
1152 3419 1235 3477 Petri
1253 3425 1284 3478 ct

237 3503 259 3532 “
275 3501 374 3567 Penii,
392 3500 535 3557 liberetur
552 3504 600 3556 eet
617 3505 649 3557 ct
665 3498 827 3556 obsolutns.

272 3609 293 3635 '⁴
305 3606 376 3674 (11.)
393 3604 579 3677 Dispositum
595 3609 643 3661 cet
665 3609 764 3661 eutem
780 3622 799 3661 e
815 3604 937 3678 regibus
960 3612 992 3664 ot
1008 3606 1235 3682 ercbiepiscopie
1253 3614 1284 3664 et

237 3691 258 3719 ‘⁴
277 3687 433 3762 episcopis,
452 3692 484 3744 et
500 3687 569 3744 eliie
594 3686 779 3760 principibus
803 3692 902 3754 terrie,
922 3689 1001 3760 quod
1025 3707 1126 3747 omnen
1152 3691 1199 3747 illi
1222 3695 1282 3747 tem

238 3775 257 3801 ‘⁴
276 3769 379 3828 clerici
396 3787 485 3842 quem
501 3769 581 3834 leici,
600 3770 652 3841 qui
675 3768 731 3825 bcc
750 3769 808 3826 iter
824 3787 884 3826 non
900 3771 1053 3844 erripicnt,
1072 3772 1200 3830 decimes
1216 3772 1283 3830 red·

237 3857 258 3884 ‘¹
275 3853 402 3918 dituum,
420 3856 452 3907 et
468 3850 623 3907 mobilium
645 3867 768 3907 sucrum
784 3851 875 3925 bnjue
901 3854 980 3920 enni,
999 3860 1030 3911 ct
1046 3856 1178 3912 omnium
1195 3857 1285 3914 cotel-

238 3936 373 3992 “lorum
397 3952 518 3991 suorum
543 3940 606 3990 tem
632 3934 665 3990 in
690 3952 763 3990 suro
790 3952 878 4007 quem
902 3935 934 3992 in
960 3943 1083 4009 ergeuto
1100 3943 1132 3995 ct
1147 3940 1284 3998 omnibus

238 4022 259 4050 ‘⁸
278 4019 345 4076 eliis
362 4017 483 4084 debunt,
502 4016 632 4089 exceptio
649 4016 782 4074 restibus
799 4023 831 4074 et
846 4017 931 4074 libris
949 4024 981 4075 et
996 4020 1180 4078 vestimentis
1198 4022 1283 4078 cleri·

238 4106 259 4134 ‘⁸
277 4119 380 4159 corum
390 4104 422 4158 st
436 4099 664 4172 cepellsncrum,
678 4105 709 4157 et
719 4099 868 4172 lspidrbns
882 4101 1019 4173 preticeis
1030 4109 1092 4160 tem
1109 4104 1283 4162 clericorum

242 4286 248 4294 s
275 4287 296 4293 .-
307 4282 578 4293 ...α---ο-

271 4401 380 4454 1ΤΙιιιο
407 4407 511 4453 Μία
537 4415 581 4452 erc
605 4399 681 4466 dvm
703 4402 739 4466 by
782 4398 1283 4470 cilciGeddingtcugsesnlsoRff.

238 4476 739 4535 omnusmscitteffln·
782 4477 974 4545 turmine.
