3270 5476
375 629 418 694 26
786 643 893 696 omns
914 646 1018 697 ssors

207 815 346 931 ἄψ
374 816 543 885 civitatem
564 818 655 905 lym,
677 818 793 887 divisit
815 819 918 886 socios
950 840 1026 886 suos
1048 839 1107 907 per
1135 823 1271 900 turmas,
1294 825 1329 887 et
1351 840 1426 885 oon-

373 918 484 985 lestim
506 920 598 987 misit
631 941 666 986 se
697 926 732 988 et
766 943 843 988 euos
873 920 960 987 infra
992 942 1103 987 muros
1134 919 1288 987 civitatis.
1333 921 1426 986 Tuno

373 1020 484 1086 oaeteri
506 1022 564 1109 qui
586 1020 674 1087 infre
695 1022 810 1089 domos
824 1027 860 1088 et
875 1043 1047 1088 murorum
1067 1020 1213 1088 latebras
1234 1021 1425 1102 latitabant,

374 1126 580 1211 emerserunt
602 1145 637 1190 se
659 1145 735 1190 oum
757 1123 896 1190 ermetis
918 1123 1069 1190 catervis.
1115 1122 1163 1188 Et
1184 1122 1273 1190 footo
1296 1123 1425 1211 impetu

372 1222 408 1286 in
431 1245 585 1310 paganos,
600 1224 676 1291 illos
698 1224 872 1291 durissime
893 1229 1000 1291 morte
1022 1223 1204 1291 effeoerunt
1216 1247 1225 1305 ;
1247 1228 1282 1290 et
1303 1224 1425 1311 pegeni

372 1324 466 1391 velut
497 1345 575 1391 oves
606 1347 649 1391 ex
680 1325 859 1414 improviso
892 1348 913 1392 s
946 1326 1035 1413 lupis
1065 1325 1215 1413 oooupsti
1246 1325 1424 1413 stupefacti

371 1429 460 1490 sunt.
516 1424 705 1493 coenredus
738 1448 827 1507 vero,
862 1448 904 1493 ex
938 1427 1045 1493 alters
1077 1431 1172 1515 porte
1202 1447 1278 1492 oum
1305 1426 1425 1492 turmis

372 1526 509 1592 armatis
529 1527 697 1609 insedene,
708 1530 812 1596 sooios
834 1550 910 1595 suos
923 1529 1068 1596 viriliter
1087 1529 1239 1596 insistere
1261 1528 1424 1607 hortatur,

371 1627 603 1717 lethiferosque
625 1631 711 1697 iotns
732 1631 957 1719 ingeminaut;
980 1636 1015 1698 et
1047 1631 1118 1718 ipse
1151 1636 1186 1696 et
1215 1628 1268 1696 eui
1297 1629 1424 1695 nullom

372 1729 532 1815 pietatem
554 1730 722 1810 habentes,
743 1753 890 1819 paganos
922 1731 984 1798 hoe
1017 1730 1115 1797 modo
1148 1730 1335 1817 inquietare
1355 1752 1424 1796 non

372 1830 570 1918 quieverunt
591 1833 713 1912 donee,
723 1832 850 1900 onnotis
864 1833 932 1900 fere
946 1831 1137 1914 interiectis,
1153 1831 1260 1898 filium
1275 1831 1425 1900 Sulsdini

373 1938 527 2022 superent
549 1938 584 2000 et
604 1934 797 2002 retinerent.

506 2220 1290 2292 Lmneotattoclel'maSooetomeulom

539 2378 569 2441 1.
591 2376 701 2442 Juxta
722 2359 858 2441 thre'noe
878 2373 1036 2442 Jeremiae

594 2477 723 2544 Vestrae
745 2474 871 2564 lugent,
893 2475 996 2562 Syon,
1020 2474 1094 2557 vite,

595 2577 693 2658 Quod
714 2576 865 2643 sollemni
887 2598 956 2643 non
979 2575 1024 2644 sit
1046 2576 1108 2657 die,

640 2678 708 2760 Qui
729 2677 913 2770 sepulerum
934 2677 1059 2755 visitet,

639 2779 701 2845 Vel
724 2800 834 2846 oneum
857 2779 1056 2861 resuscitet„

596 2880 708 2968 Hujus
728 2880 922 2970 prophetiis.

541 3039 571 3102 2.
595 3035 721 3102 Oontrs
741 3035 830 3123 quod
851 3035 1012 3123 prophete
1034 3036 1159 3117 scribit,

596 3136 694 3217 Quod
715 3138 757 3204 de
779 3137 872 3223 Syon
894 3136 965 3201 Lex
986 3136 1101 3216 exibit,

594 3237 768 3324 Numquid
789 3237 838 3305 ibi
861 3237 932 3302 Lex
953 3237 1098 3324 peribit?

639 3337 710 3405 Neo
731 3338 869 3406 hebebit
889 3337 1081 3406 vindioemt

638 3439 707 3506 Ubi
733 3440 885 3512 christus
908 3439 1049 3518 oslioem,

594 3540 760 3609 Passionis
781 3539 875 3607 bibit

538 3711 568 3763 ὅ.
591 3693 735 3782 Lignum
758 3693 896 3776 Orucis,¹

596 3796 737 3884 Signum
761 3795 860 3875 (lueis,

639 3895 798 3984 Sequitur
818 3897 990 3977 exereitus,

596 3998 692 4079 Quod
713 4020 782 4065 non
804 3998 911 4081 oeeeit,

595 4099 662 4166 Sed
683 4101 854 4189 praeteoeit,

616 4196 683 4267 'In
704 4203 741 4269 vi
762 4200 876 4269 Sunoti
898 4201 1050 4289 Spiritus

522 4529 1251 4598 ¹n3rmcmmnpsmnebusaonmm
1344 4552 1347 4557 ·
