3270 5476
378 611 444 676 ιιι
784 616 891 670 omn
912 617 1014 670 nnurs

229 796 622 862 su11ee·‘sumtur;et
645 792 696 866 qui
721 792 838 850 domino
863 811 948 866 pepae
971 788 1149 848 familiarius
1167 787 1300 846 essideut
1315 789 1347 844 et
1363 783 1415 848 ed·
1403 783 1560 885 'w

228 853 396 908 mm*
376 879 561 945 “berrent'
552 877 647 952 ipsius
662 877 783 951 negotiu
799 883 939 950 tenqnsm
963 876 1083 949 propris
1103 873 1322 948 promovebunt.
1358 869 1418 928 Ve-

207 926 320 1010 nne
375 965 394 992 “
412 981 491 1019 rum·
496 980 549 1035 per
565 961 623 1018 Dei
639 962 768 1035 grotism
784 960 823 1018 ud
839 960 981 1020 edvontus
999 957 1094 1018 neubi
1110 956 1292 1023 iustentiem,
1308 955 1418 1012 littere

206 1015 361 1162 ιιι
374 1049 626 1202 ῑῑῑιιιιι
638 1044 966 1187 ιιιιι
1001 1036 1418 1186 trimi

375 1216 394 1241 “
413 1213 485 1271 odeo
501 1212 696 1272 neoessurium
710 1217 878 1272 vestrorum
896 1211 1085 1285 mouentium
1102 1210 1289 1268 nunciorum.
1324 1208 1418 1264 Porro

376 1383 395 1409 u
414 1296 1157 1453 fflibiuimuitffiiripbiiiffl
1174 1295 1420 1447 &tutti

376 1466 395 1492 ‘⁴
415 1465 510 1537 scopis
533 1469 564 1521 et
588 1464 728 1538 praelstis,
754 1469 785 1522 et
807 1461 978 1534 justitiariis
1006 1463 1125 1535 Anglioe
1152 1459 1323 1525 destinates,
1350 1475 1420 1514 oum

376 1549 396 1575 “
415 1547 569 1619 diligentie
593 1545 684 1619 digne
706 1552 813 1604 uertere
835 1545 1023 1603 edueetentes
1042 1564 1108 1618 quae
1132 1542 1289 1602 intentioni
1311 1545 1420 1599 vestm

376 1631 397 1658 “
414 1627 591 1687 credidimus
620 1629 765 1703 expedire.
802 1628 877 1686 (lum
904 1646 975 1687 vero
1001 1629 1101 1685 nuneii
1131 1628 1260 1686 lllliensie
1289 1623 1420 1699 episoopi

377 1716 397 1742 ‘⁴
415 1719 606 1770 ottentessent
622 1712 750 1785 objioere
767 1719 828 1769 tem
844 1712 1083 1784 responsionibus
1104 1728 1193 1784 quum
1217 1709 1350 1783 objbotis,
1369 1707 1421 1763 do·

378 1799 397 1825 “
416 1797 513 1854 minus
537 1815 614 1870 pepe
636 1797 668 1853 in
692 1797 784 1854 vestri
812 1796 1000 1868 depressione
1025 1796 1147 1869 negotii,
1173 1794 1302 1868 plurime
1323 1791 1420 1864 iudig-

377 1883 396 1908 “
415 1887 518 1938 uenter
535 1888 566 1938 et
582 1899 651 1937 oum
667 1880 862 1938 emeritudine
885 1880 1075 1954 proponebat,
1101 1877 1305 1952 multiplicetis
1327 1875 1421 1933 ineui-

213 1959 397 2064 ΜΡἭΝ
416 1981 485 2034 oens
511 1963 692 2021 sermonibus
717 1969 748 2020 et
773 1963 929 2032 etlirmuns,
960 1963 1099 2021 ‘Scimus
1124 1962 1203 2036 quod
1225 1960 1351 2019 illustris
1368 1976 1422 2015 rex

213 2062 293 2106 nvom
300 2064 326 2106 or
378 2047 398 2074 “
418 2028 604 2119 ‘Anglorum
633 2046 750 2103 domino
778 2045 891 2103 Elliensi
920 2046 1006 2120 regni
1037 2045 1084 2104 sui
1113 2044 1204 2103 totius
1235 2042 1420 2102 udministru·

379 2133 398 2159 “
419 2130 549 2186 'tionem
577 2130 708 2202 reliquit,
738 2146 792 2187 neo
820 2129 951 2202 sliquem
980 2129 1008 2186 ei
1040 2126 1168 2202 [parem]
1199 2127 1342 2193 odbibuit,
1372 2123 1422 2182 vel

380 2217 399 2241 ‘⁸
421 2214 589 2286 'mojorem
623 2213 751 2271 Iritterus
769 2212 880 2270 domini
903 2213 984 2286 regis
1010 2230 1101 2286 super
1118 2230 1154 2270 eo
1170 2211 1419 2277 vidimusrevo·

380 2300 399 2324 “
420 2298 564 2354 ‘ostories
593 2304 645 2354 eut
673 2298 835 2355 oontruries
860 2314 919 2354 non
941 2297 1072 2354 vidimus
1099 2314 1154 2353 neo
1189 2295 1334 2361 videmus,
1364 2308 1420 2351 neo

380 2383 399 2407 “
421 2384 543 2438 ‘emm
561 2381 769 2453 nmoriptum
794 2380 903 2453 sigillis
927 2379 1068 2454 oppositis
1094 2387 1125 2437 et
1146 2379 1325 2445 eutbentiois
1351 2393 1419 2434 eon·

381 2467 400 2491 “
421 2466 599 2537 ‘signetum
646 2463 705 2521 Sed
729 2462 830 2520 mulos
847 2461 1030 2520 venerabiles
1047 2480 1181 2535 persono
1205 2461 1338 2519 soribunt
1355 2477 1423 2517 oon·

382 2550 430 2575 “¹
458 2555 505 2604 tre
534 2547 684 2603 dominum
712 2546 932 2614 osnoellerium,
961 2553 992 2604 et
1016 2565 1070 2619 pro
1100 2546 1216 2603 domino
1249 2539 1424 2602 ounoeilnrio

382 2633 401 2658 “
422 2631 431 2658 ⁸
454 2630 615 2686 multorum
642 2630 809 2703 reoepimus
838 2629 1052 2687 venerabilium
1073 2629 1190 2687 littores
1222 2643 1423 2701 perrenorum.

382 2715 401 2741 “
423 2712 766 2786 ‘Sedetlitteraequus
783 2731 838 2772 ves
855 2712 1256 2786 portutiseorumeuutqni
1273 2711 1424 2769 dominum

383 2796 402 2822 “
423 2795 651 2853 ‘oenoellurium
674 2796 867 2870 expulerunt3
894 2815 948 2855 neo
974 2797 1117 2854 miremur
1135 2795 1294 2854 edmodum
1317 2794 1344 2852 si
1369 2809 1425 2866 pro

383 2880 403 2906 “
424 2880 477 2935 'se
495 2878 623 2936 seribere
647 2879 812 2937 videantur.
861 2878 979 2938 Soimus
1010 2881 1079 2953 quie
1109 2880 1244 2936 dominus
1270 2895 1323 2935 rex
1347 2876 1424 2933 nulli

382 2963 403 2989 ‘¹
424 2963 574 3034 ‘unquem
590 2962 758 3020 montelium
777 2968 889 3020 tantm
913 2962 1100 3021 dileetionern
1121 2962 1254 3019 exhibuit
1270 2961 1319 3019 vel
1336 2959 1425 3016 hono·

383 3047 402 3072 ‘⁸
423 3046 508 3101 'rem
532 3043 685 3117 impendit,
704 3050 846 3118 quentum
870 3045 988 3104 domino
1013 3045 1135 3102 illionsi.
1172 3045 1275 3117 Ipsum
1297 3059 1424 3114 numque

382 3130 401 3155 ‘⁸
423 3128 513 3184 ιιὀοἱι
537 3128 706 3200 episcopum
735 3129 908 3186 uenerundro
938 3129 1016 3187 sedis
1042 3136 1074 3186 et
1097 3129 1252 3186 ditissime)
1276 3126 1423 3194 Elieusin

382 3212 401 3238 ‘⁸
422 3210 497 3267 ‘sed
513 3217 544 3267 et
560 3212 768 3268 omoellnrium
785 3230 872 3270 suum
881 3235 890 3280 ς
913 3211 965 3270 sed
982 3219 1013 3268 et
1028 3231 1154 3286 regnum
1171 3211 1289 3284 Angliae
1305 3208 1424 3267 univer·

382 3295 402 3321 “
423 3296 512 3350 ‘sum
528 3293 593 3364 ejus
611 3295 703 3352 solius
720 3296 861 3353 eustodies
882 3297 1104 3353 oommeuduvit
1141 3295 1201 3352 Sed
1217 3312 1272 3352 neo
1289 3294 1425 3351 omnibns

382 3379 402 3403 “
423 3376 510 3434 ‘istis
537 3382 689 3436 eontentus
713 3396 779 3436 esse
802 3378 899 3451 potuit
921 3379 1056 3437 dominus
1073 3395 1135 3445 rex,
1155 3378 1208 3435 sed
1224 3383 1257 3434 et
1272 3394 1326 3449 pro
1343 3376 1424 3448 legs·

383 3461 403 3487 “
423 3459 534 3516 ‘tionis
560 3460 654 3517 offioio
683 3461 801 3518 domino
830 3462 1005 3519 omoellnrio
1033 3461 1250 3528 omittendo,
1281 3466 1313 3517 et
1339 3459 1423 3516 bonre

383 3544 403 3570 ‘¹
424 3542 653 3601 ‘reoordetienis
671 3544 789 3603 domino
805 3545 951 3604 clementi
969 3551 999 3602 et
1021 3547 1105 3604 nobis
1129 3546 1219 3602 etiem
1236 3543 1423 3617 snpplioevit

318 3682 325 3700 ‚
383 3627 403 3654 “
424 3626 522 3684 ‘Vide
546 3644 634 3698 quom
651 3632 751 3685 tenere
777 3629 894 3687 umebut
916 3628 1002 3690 euml
1021 3646 1109 3701 quem
1126 3645 1256 3701 unquem
1271 3627 1426 3683 bominum

384 3709 404 3737 “
424 3709 558 3765 'turtum
575 3709 676 3782 diligit
691 3711 741 3768 uel
758 3711 884 3771 dilexit?
918 3712 968 3769 Ae
987 3729 1090 3785 preoes
1107 3712 1218 3770 domini
1235 3711 1317 3783 regis
1333 3715 1366 3766 et
1380 3709 1426 3766 in·

323 3804 332 3816 ·
384 3794 403 3820 “
424 3792 583 3850 ‘stantium
598 3793 722 3851 multum
735 3801 911 3867 presentem
927 3796 1104 3869 legetionem
1121 3794 1297 3852 indulsimus
1309 3791 1427 3850 domino

283 3860 291 3876 ’
384 3879 403 3903 “
424 3875 577 3945 ‘illisum
605 3876 644 3933 eb
667 3877 785 3936 homine
811 3895 900 3953 quem
922 3883 1038 3936 tumtum
1063 3879 1206 3936 dilexerst
1230 3894 1334 3951 regem
1362 3880 1426 3933 tem

383 3961 403 3986 “
424 3958 543 4015 ‘subito
566 3964 678 4017 tmen
701 3963 829 4035 galim
853 3978 1006 4022 rewoesse
1035 3962 1085 4021 vix
1109 3963 1228 4020 eredere
1257 3976 1424 4035 pessumum

383 4043 404 4118 ξ’
424 4041 504 4097 ‘nisi
520 4041 634 4100 litteren
650 4045 719 4116 ejus
732 4051 764 4104 et
780 4046 915 4120 sigillum
938 4047 1056 4120 regium
1075 4045 1252 4104 videremus.
1288 4045 1329 4102 lit
1345 4041 1427 4117 quod

383 4125 403 4150 ‘⁴
424 4123 563 4182 ‘domino
586 4127 653 4198 regi
677 4128 823 4198 dedimus,
850 4135 923 4203 pute
946 4128 1126 4202 legetionem
1149 4127 1260 4187 domini
1282 4127 1423 4193 llliensis‚

384 4209 403 4234 ‘⁴
424 4207 509 4263 ‘sine
528 4208 667 4267 telsitetis
690 4218 759 4270 uoto
774 4230 829 4271 neo
846 4213 1025 4286 suspendere
1048 4230 1205 4286 possumus
1223 4229 1277 4269 neo
1294 4211 1422 4268 euloere.

383 4293 402 4317 ‘⁴
424 4289 505 4346 ‘Sed
531 4296 562 4347 et
589 4310 690 4351 omues
716 4293 874 4370 Angiiouni
898 4296 1027 4370 episeopi
1052 4314 1107 4370 pro
1132 4296 1236 4354 eodem
1266 4293 1424 4368 legetionie

383 4375 402 4401 “
423 4372 537 4430 ‘offioio
554 4376 758 4446 eouflrmsndo,
786 4380 860 4436 mibi
883 4379 1016 4454 proprios
1041 4380 1156 4437 littores
1180 4379 1421 4444 manumiserunt,

382 4458 401 4484 ‘¹
422 4458 430 4484 ‘
449 4462 480 4512 et
496 4456 570 4514 mibi
587 4460 765 4519 unanimiter
780 4463 979 4537 suppliosntes
1005 4479 1059 4536 pro
1085 4481 1120 4521 eo
1146 4460 1320 4520 osnoellurio
1344 4476 1425 4518 eom·

236 4547 354 4594 rotun
381 4540 401 4567 '⁸
422 4539 655 4602 ‘monterionem
670 4544 831 4618 plurinum
847 4551 1058 4621 ponuerunt3
1076 4552 1109 4605 et
1130 4541 1425 4620 nouotqnodJoon·
