3270 5476
700 703 852 753 umnam.
1258 691 1299 753 99

88 888 206 943 ”orm
253 874 379 955 tuariae,
403 875 538 962 indigne
561 876 687 940 ferebat
710 876 798 961 quod
828 875 864 940 in
892 873 1054 949 absentia,
1075 873 1155 956 ejus,
1177 874 1236 959 qui
1259 875 1302 939 ad
1330 880 1385 926 w·
1393 885 1451 926 11⁸⁹·

87 943 201 988 uma

252 975 347 1041 litem
384 976 477 1042 illam
519 977 736 1043 dirimendam
774 999 795 1042 a
835 977 938 1042 latere
975 976 1097 1041 summi
1136 976 1302 1061 pontificis
1326 930 1457 977 mm

253 1078 371 1143 missus
392 1083 464 1144 erat
485 1079 522 1143 in
544 1079 709 1165 Angliam,
732 1100 799 1166 pax
829 1083 865 1143 et
894 1078 1069 1144 eoncordia
1097 1075 1186 1142 facta
1217 1083 1303 1144 esset

252 1178 341 1344 {pter
356 1178 625 1248 cantuariensem
641 1180 918 1267 archiepiscopum
933 1186 969 1246 et
983 1179 1159 1245 monachos
1170 1178 1302 1246 Sanutoe

282 1280 436 1347 rinitatis

112 1407 140 1440 ov
200 1429 206 1447 .
298 1382 422 1447 Eodem
445 1404 555 1450 mense
578 1384 738 1449 Ricardus
760 1405 820 1449 rex
848 1382 982 1469 Angliae
1016 1382 1112 1448 dedit
1148 1383 1173 1448 J
1175 1383 1301 1448 ohanni
1313 1399 1416 1460 uonna

126 1477 164 1492 ‘'
251 1482 346 1574 fratri
384 1504 443 1549 sno
480 1485 517 1549 in
553 1492 779 1571 augmentum,
815 1484 1010 1552 comitatum
1045 1483 1232 1563 Oomubiae,
1266 1454 1438 1580 scillite

252 1585 447 1651 comitatum
462 1585 627 1665 Devonire‚
648 1592 683 1652 et
704 1586 898 1653 comitatum
920 1585 962 1651 dc
977 1585 1127 1666 Dorseta,
1144 1590 1179 1650 et
1201 1584 1301 1650 comi·
1313 1552 1431 1645 paupe,

253 1690 362 1753 tetum
377 1685 419 1751 de
434 1686 635 1754 Sumerseta·
675 1688 721 1753 Et
735 1688 824 1754 idem
844 1709 904 1753 rex
919 1687 1012 1753 dedit
1027 1686 1151 1753 ibidem
1166 1653 1441 1795 Alienorlffio

252 1789 374 1874 reginae
395 1790 497 1855 matri
518 1811 595 1868 sure,
618 1794 727 1855 toturn
749 1787 923 1854 dodarium
947 1789 1036 1874 quod
1058 1811 1118 1854 rex
1141 1764 1407 1854 Hennensium

253 1911 335 1954 avus
363 1891 469 1976 patris
498 1892 550 1956 sui
580 1891 716 1956 dederat
747 1890 879 1955 Matildi
901 1889 1026 1974 reginae
1048 1889 1145 1954 uxori
1168 1911 1245 1967 sura,
1268 1892 1304 1952 et

253 1994 364 2056 totum
397 1991 571 2056 dodarium
603 1992 691 2078 quod
724 2012 784 2056 rex
815 1990 1004 2078 Stephanus
1026 1991 1163 2056 dederat
1186 1990 1303 2054 Aliciae

253 2093 376 2178 reginae
399 2094 496 2159 uxori
518 2115 594 2169 suae,
617 2098 651 2158 et
684 2098 795 2159 totum
828 2093 1004 2159 dodarium
1025 2092 1116 2178 quod
1140 2092 1304 2157 Henricus

253 2200 348 2279 pater
368 2215 447 2259 suus
469 2195 604 2261 dederat
624 2193 665 2259 ei.

113 2322 141 2355 ov
203 2344 209 2363 ,
299 2295 425 2361 Eodem
448 2296 502 2361 die
523 2295 662 2376 ibidem,
686 2296 788 2382 Hugo
811 2295 1044 2362 Duuelmensis
1074 2294 1242 2381 episcopus
1272 2298 1457 2368 etruscum

1318 2368 1452 2414 ornnem·

171 2389 176 2403 '
255 2395 429 2462 Hubertus
450 2396 695 2463 salesbiriensis
718 2397 888 2484 episcopus
910 2398 1161 2484 appellaverunt
1175 2394 1364 2463 Gaudiano
1373 2417 1465 2462 nuuc

254 2498 334 2563 dum
350 2498 586 2565 Eboraoensem
608 2500 747 2564 electum
770 2498 814 2563 ad
834 2499 944 2564 sedem
959 2497 1181 2585 apostolicam,
1197 2518 1307 2562 coram
1318 2469 1408 2580 ..vellii

253 2600 413 2686 praedicto
435 2601 595 2666 cardinali
617 2605 652 2666 et
675 2599 865 2687 apostolicas
887 2601 974 2665 sedis
997 2600 1117 2686 legato,
1140 2603 1175 2664 et
1198 2619 1306 2663 coram
1318 2568 1458 2664 titltl‘tl

255 2701 410 2768 omnibus
447 2703 645 2789 supradietis
678 2701 930 2788 archiepiscopis
968 2707 1003 2768 et
1040 2699 1209 2787 episcopis,
1243 2697 1306 2784 [et]
1319 2670 1429 2721 ⁰⁰⁰³&

255 2802 452 2883 abbatibus3
481 2803 628 2870 dieentes
657 2825 733 2869 eum
764 2825 832 2869 non
854 2803 956 2869 firisse
978 2802 1132 2869 canonice
1165 2801 1305 2865 electum

255 2904 335 2990 quia
356 2904 420 2995 ipsi
443 2904 583 2971 aberant
604 2905 736 2991 qnando
758 2905 829 2991 ipse
850 2904 1043 2992 eligebatur.
1097 2903 1144 2968 Et
1166 2903 1304 2967 Buoear-
1317 2911 1432 3005 ww}

255 3005 316 3070 dns
339 3004 553 3072 Eboraoensis
572 3006 802 3084 thesaurarius,
818 3011 853 3072 et
868 3006 1032 3071 Henricus
1047 3003 1192 3088 ejusdem
1208 3002 1306 3068 ecclo-
1317 2976 1417 3106 {lupos

255 3106 314 3173 siae
328 3107 480 3184 decanus,
496 3108 751 3195 appellaverunt
774 3128 850 3172 eum
871 3109 914 3173 ad
942 3107 1053 3173 sedem
1083 3106 1306 3192 apostolicam,
1318 3074 1467 3206 fflffi

255 3209 401 3275 dicentes
419 3209 506 3295 qnod
521 3211 591 3296 ipse
607 3210 771 3275 homicida
784 3214 866 3290 erat,
882 3210 967 3275 etin
983 3208 1147 3274 adulterio
1162 3207 1305 3292 genitus,
1317 3213 1474 3307 gpghffihe

255 3315 290 3376 et
312 3310 353 3375 de
374 3315 482 3375 scorto
504 3316 625 3391 natus3
655 3316 690 3377 et
712 3311 785 3376 ideo
800 3331 868 3376 non
884 3315 971 3377 esset
984 3311 1105 3397 dignus
1119 3307 1306 3395 promoveri
1318 3295 1392 3366 leole
1400 3325 1453 3355 00¹¹·

255 3411 297 3477 ad
332 3434 496 3477 summum
527 3413 701 3478 sacerdotii
731 3411 878 3498 gradum.
940 3412 985 3476 Et
1009 3411 1161 3498 quamvis
1195 3430 1306 3475 omnes
1319 3363 1447 3407 smenon.

255 3514 508 3580 adversarentur
521 3515 582 3594 illi,
597 3520 709 3580 tamen
724 3514 902 3601 praedictus
917 3515 1117 3600 Anagninns
1131 3511 1306 3578 cardinalis

255 3615 446 3680 electionem
470 3614 511 3682 de
534 3616 592 3680 illo
614 3613 736 3680 factam
757 3620 866 3680 ratam
890 3613 1032 3695 babuit3
1064 3621 1098 3679 et
1127 3634 1201 3679 eam
1230 3634 1305 3678 auc·

255 3716 392 3781 toritate
415 3737 480 3802 qua
494 3715 704 3803 fungebatur,
718 3717 790 3782 vioe
806 3715 989 3781 Clementis
1004 3716 1124 3780 summi
1141 3714 1306 3802 pontificis

255 3816 453 3898 affirmavit3
474 3823 509 3883 et
531 3818 630 3904 sigilli
654 3819 705 3884 sui
728 3818 911 3884 munimine
933 3815 1176 3884 corroboravit.¹

301 3919 430 3999 Quibus
452 3919 600 4006 peractis,
623 3920 775 3985 dominns
804 3941 864 3986 rex
897 3919 990 3985 dedit
1012 3919 1149 3986 Alienor
1181 3917 1306 4004 reginae
1318 3920 1465 4025 ww

256 4022 355 4086 matri
377 4043 454 4098 suae,
478 4027 512 4086 et
534 4021 681 4087 Johanni
704 4022 817 4087 comiti
850 4021 891 4087 de
915 4022 1086 4088 Meretona
1109 4020 1207 4086 fratri
1234 4041 1302 4099 suo,

256 4126 291 4187 et
306 4121 472 4188 Willelmo
486 4123 556 4209 regi
571 4122 768 4201 Scottorum
785 4128 820 4189 et
842 4122 1006 4188 universis
1028 4123 1114 4188 clero
1128 4129 1164 4188 et
1185 4121 1305 4208 populo

255 4222 424 4288 licentiam
446 4224 656 4310 repatriandi.
711 4225 756 4290 Et
778 4225 1002 4310 unusquisque
1024 4246 1174 4289 reversus
1197 4230 1247 4288 est
1270 4222 1304 4287 in

255 4326 422 4412 regionem
444 4348 537 4392 suam
560 4327 774 4414 magnificans
797 4332 832 4393 et
853 4317 992 4391 laudans
1014 4324 1181 4414 magnalia
1203 4323 1296 4410 regis.

268 4464 672 4472 ——0-1...-..-——----
684 4463 891 4472 *Aa-..-
900 4460 1293 4471 ———---—...-—-—-

290 4527 298 4560 ¹
315 4527 371 4578 'l'lre
382 4535 423 4579 act
434 4543 486 4579 was
502 4528 640 4578 confirmed
659 4528 693 4593 by
710 4543 774 4592 pope
791 4526 906 4579 clement
917 4526 976 4587 111„
987 4525 1078 4577 March
1092 4529 1115 4590 7,
1129 4531 1200 4578 1190.
1233 4525 1264 4578 R.
1277 4525 1308 4575 de

256 4605 324 4666 Dic,
337 4611 392 4656 655.
1107 4691 1130 4737 G
1154 4677 1174 4737 2
