3270 5476
377 648 442 710 loo
782 655 889 707 ossas
912 655 1013 706 soors

226 851 349 900 annm.
376 840 395 870 ‘¹
418 837 487 899 tes:
520 838 555 898 et
577 852 637 919 ogo
670 831 802 898 credere
825 851 894 895 non
926 849 1058 916 possum
1081 827 1167 914 quod
1191 826 1263 893 hmo
1284 825 1421 892 manda-
1433 841 1558 941 ξιοκᾱὶιι,

208 902 329 1010 affl
374 945 390 970 “
414 935 509 1014 verit,
525 935 659 1000 sumsit
680 934 750 1020 ipse
773 932 926 998 dominus
941 952 1033 995 meus
1055 936 1090 995 et
1108 930 1215 994 socius
1230 929 1437 1014 conjuratus·
1487 904 1509 938 ι

207 1015 329 1110 ΗΜ
374 1037 450 1100 “in
484 1035 748 1122 peregrinatione
780 1030 871 1099 ista”
926 1031 981 1097 Ad
1012 1053 1087 1116 quae
1124 1029 1326 1116 respondens
1359 1049 1420 1095 rex

207 1114 337 1220 miii?
373 1137 569 1215 Tancredus,
607 1135 687 1201 “Ut
731 1134 951 1221 oomprobetis
997 1131 1078 1207 me,''
1115 1132 1235 1218 inquit,
1273 1138 1421 1197 “verum

373 1244 391 1274 ‘⁴
414 1239 519 1302 disere
542 1237 646 1316 vobis,
669 1258 742 1302 ecoe
773 1235 871 1302 trado
894 1233 989 1299 vobis
1012 1233 1141 1298 litteras
1163 1255 1245 1318 quas
1267 1234 1337 1321 ipse
1360 1254 1422 1299 rex

373 1338 563 1404 “Francius
596 1337 688 1402 misit
711 1336 794 1401 mihi
828 1357 887 1422 per
921 1334 1037 1400 ducem
1065 1334 1277 1420 Bprgundiae.
1323 1319 1421 1414 Quod

374 1446 393 1475 ‘⁴
415 1440 443 1504 si
477 1439 547 1504 dux
579 1438 780 1524 Burgundios
813 1458 933 1523 negare
963 1436 1116 1512 voluerit,
1139 1457 1199 1520 ego
1233 1458 1309 1501 eum
1344 1437 1422 1500 indo

374 1548 392 1576 “
415 1539 632 1626 comprobabo
657 1561 713 1626 per
742 1559 846 1603 unum
869 1537 911 1603 de
933 1537 1072 1603 ducibus
1095 1537 1184 1613 meis,
1208 1538 1297 1623 quod
1320 1538 1422 1602 veris-

374 1649 392 1677 “
415 1641 497 1706 sime
518 1640 648 1706 litteras
670 1639 729 1705 hes
751 1639 911 1726 sigillat-as
933 1638 1041 1707 siriuo
1063 1638 1150 1724 regis
1166 1637 1314 1705 Francia
1337 1637 1421 1702 mihi

374 1753 389 1779 “
413 1742 580 1808 tradidit”

206 1842 362 1942 fflgffi
420 1843 465 1908 Et
498 1865 572 1909 cum
610 1864 669 1907 rex
703 1840 835 1928 anglise
867 1841 998 1907 litteras
1032 1841 1210 1926 accepisset
1247 1840 1288 1905 de
1320 1862 1420 1906 manu
1433 1852 1557 1948 {imp

373 1945 459 2031 regis
489 1942 660 2020 Teneredi,
694 1942 788 2008 venit
820 1963 879 2006 rex
915 1941 1064 2007 Franeire
1097 1963 1201 2027 usqne
1230 1941 1421 2007 Tavernum
1460 1930 1480 1947 *
1546 1935 1552 1947 ’

373 2046 463 2132 loqui
485 2067 560 2110 oum
583 2065 658 2131 rege
680 2043 856 2109 Tanoredo.

208 2147 333 2243 mma
419 2148 492 2211 Rex
514 2145 645 2231 Angliae
667 2165 725 2230 per
755 2143 854 2208 aliam
877 2142 966 2207 viam
996 2164 1145 2209 reversus
1168 2145 1276 2209 estin
1300 2145 1421 2209 Messa-
1435 2163 1558 2244 agema).

208 2201 300 2243 returns

206 2245 336 2343 diiii..
374 2270 459 2313 nam.
515 2246 588 2311 Rex
623 2245 769 2310 Franoiae
799 2242 878 2309 fecit
913 2264 1037 2307 moram
1069 2245 1167 2309 unius
1198 2245 1303 2311 noetis
1334 2246 1422 2331 opud
1435 2216 1558 2261 ³⁹''³’¹‘’·

208 2346 327 2443 fflgdss
375 2370 483 2434 regem
506 2345 712 2410 Tanoredum
746 2345 782 2408 in
805 2343 1003 2423 Tavernum,
1026 2350 1060 2409 et
1095 2346 1130 2409 in
1154 2347 1298 2412 erastino
1322 2347 1422 2412 rediit

210 2446 265 2492 ’Μ’
273 2448 357 2503 mrnp.
374 2450 416 2514 ad
441 2449 632 2513 Messanam.
678 2447 753 2511 Rex
786 2449 899 2511 autem
922 2445 1055 2531 Angliae
1087 2447 1123 2511 in
1158 2448 1208 2512 ira
1241 2456 1424 2514 commotus

374 2551 533 2615 adversus
556 2569 632 2613 eum
655 2568 714 2612 nec
736 2546 852 2612 faeiem
881 2545 1020 2613 hilarem
1043 2568 1103 2612 neo
1125 2569 1237 2633 paoem
1260 2550 1424 2635 sponden-

375 2657 443 2717 tem
467 2652 497 2716 ei
529 2649 764 2737 praetendebat,
788 2649 845 2713 sed
879 2648 1161 2735 opportunitatem
1185 2650 1354 2735 quaerebat
1384 2656 1423 2716 ut

209 2769 346 2817 nomm
375 2774 450 2818 cum
483 2752 551 2816 suis
582 2751 624 2816 ab
658 2772 696 2815 eo
727 2750 900 2816 resederet
947 2748 1141 2836 Inquirente
1172 2772 1249 2838 rege
1272 2751 1423 2818 Franoiae

207 2819 333 2925 mm.
375 2854 567 2940 diligentius
591 2873 691 2939 quare
720 2851 782 2918 hoo
811 2856 905 2932 esset,
929 2851 1105 2918 mandavit
1134 2852 1184 2917 illi
1209 2874 1269 2918 rex
1291 2854 1423 2940 Angliae

374 2977 433 3043 per
455 2955 607 3020 comitem
631 2953 798 3019 Flandn‘oe
828 2958 864 3019 et
895 2973 954 3037 per
975 2953 1058 3018 alios
1079 2954 1257 3027 familiares
1279 2975 1354 3021 suos
1383 2976 1423 3020 aa

375 3078 449 3143 quse
472 3078 531 3121 rex
553 3055 674 3121 Siciliae
697 3055 827 3119 dixerat
849 3053 900 3118 illi
922 3055 964 3119 de
986 3075 1046 3120 eo:
1079 3061 1113 3121 et
1135 3057 1172 3121 in
1194 3057 1422 3122 testimonium

374 3156 454 3222 faeti
476 3158 605 3222 litteras
627 3177 709 3241 quas
731 3159 897 3242 aooeperat
920 3154 1058 3242 deroga
1080 3156 1246 3223 Tnnoredo
1269 3158 1422 3223 ostendit.

208 3271 324 3368 wsb
421 3257 519 3338 Quod
541 3278 615 3323 cnm
637 3277 696 3322 rex
719 3256 867 3322 Franoiae
897 3256 1052 3337 audisset,
1074 3259 1159 3323 male
1188 3257 1253 3324 sibi
1276 3260 1424 3324 oonsoius
1437 3277 1560 3331 noverea.

209 3334 352 3467 ‘wid-igi
376 3359 553 3438 obmutuit,
604 3358 756 3445 ignorans
800 3358 881 3444 quid
927 3363 1042 3424 eontra
1086 3358 1157 3424 haeo
1200 3359 1423 3447 responderet.
1436 3331 1556 3376 mm

209 3433 312 3517 fflhard
375 3461 521 3526 Tandem
543 3459 585 3524 sd
609 3480 642 3523 se
665 3480 816 3525 reversus
838 3459 896 3536 ait,
922 3459 1064 3526 “Verba
1085 3460 1156 3526 hseo
1178 3460 1258 3527 fieta
1280 3468 1368 3542 sunt,
1390 3467 1424 3527 st

209 3523 294 3576 ml!

209 3575 325 3667 mahta
378 3569 397 3598 “
419 3562 459 3627 ds
491 3580 578 3625 novo
610 3559 755 3626 inventa
803 3558 879 3626 Soio
910 3561 999 3626 enim
1031 3566 1066 3627 et
1098 3569 1207 3628 osrtus
1240 3584 1313 3629 sum
1336 3564 1424 3649 quod

209 3675 314 3767 πίνῃ*
377 3671 396 3701 “
418 3664 487 3750 ipse
503 3660 625 3748 quaerit
647 3682 761 3727 causas
783 3661 989 3750 malignandi
1010 3664 1186 3730 adversum
1200 3687 1261 3732 ms.
1306 3666 1425 3732 Putat·

209 3771 355 3819 multia
378 3773 395 3802 “
418 3787 461 3830 ne
484 3763 569 3850 quod
595 3762 759 3850 pertalis
780 3763 951 3830 mendacia
974 3786 1118 3831 sororem
1149 3788 1256 3833 msam
1279 3766 1424 3854 abjiciet,

378 3876 396 3902 “
418 3887 518 3952 quam
534 3863 794 3950 desponsandam
816 3864 880 3931 sibi
897 3865 1078 3951 juravitt”
1122 3867 1187 3935 cui
1209 3889 1268 3934 rex
1295 3869 1424 3956 Anglioe

376 3966 558 4054 respondit,
583 3970 602 4001 “
613 3963 764 4032 Sororem
787 3971 880 4033 tuam
903 3988 972 4033 non
995 3967 1134 4054 abjicio:
1168 3970 1225 4036 sed
1248 3970 1338 4035 illam
1362 3970 1423 4035 dn-

378 4076 396 4106 “
419 4089 491 4135 oere
513 4088 640 4153 nequeo
664 4066 701 4131 in
731 4089 877 4146 uxorem,
904 4070 984 4155 quis
1017 4075 1113 4157 pater
1143 4093 1236 4137 meus
1267 4071 1424 4159 cognovit

378 4178 395 4208 “
419 4192 501 4248 eam
522 4164 747 4257 generans'ex
770 4191 809 4236 ea
830 4169 965 4238 fflinm.”
1010 4171 1106 4252 Quod
1130 4194 1204 4237 oum
1227 4174 1297 4260 regi
1321 4173 1424 4238 Fran-

377 4273 436 4338 oiae
470 4275 636 4337 constaret
667 4293 726 4358 per
757 4270 973 4358 plurimorum
1007 4273 1212 4351 assertiones,
1246 4276 1316 4362 ipse
1348 4281 1424 4362 post

377 4373 559 4438 multorum
577 4366 873 4459 'tergiversationes
895 4373 1080 4451 verborum,
1096 4376 1245 4461 quietum
1267 4377 1424 4443 clamavit

378 4496 486 4562 regem
509 4473 641 4561 Anglire
663 4496 684 4539 a
713 4474 866 4562 conjugio
895 4475 1015 4542 sororis
1037 4497 1106 4543 sum
1132 4477 1259 4556 Alesia,
1285 4479 1425 4565 reoeptis
