3270 5476
650 614 800 666 mcssni.
1182 603 1247 668 283

208 793 264 857 sed
296 791 346 856 illi
379 790 457 856 inde
489 789 680 876 pnemuniti
713 787 948 854 custodiebant
984 809 1027 864 se,
1064 787 1150 855 mule
1186 788 1251 854 sibi
1278 819 1398 863 mm,

208 894 337 972 oonsoii,
370 898 406 960 et
438 893 479 960 de
512 891 613 959 venie
638 890 848 978 desperantes
864 889 935 977 juri
957 896 1044 957 sture
1065 890 1249 957 noluetunt
1263 880 1410 977 ΜΨ

209 996 255 1061 Et
287 996 363 1062 ideo
397 1015 518 1061 nomen
550 993 729 1081 proditoris
759 992 795 1057 in
828 997 989 1060 [eternum
1022 1014 1090 1059 non
1121 981 1394 1059 deficiet‘fflffl

43 1211 160 1264 sodes
208 1096 305 1264 sshdt
326 1197 504 1286 praediotns
527 1197 675 1284 Bogerus
696 1195 957 1263 eonstsbuleiins
979 1195 1116 1264 Oestiiae
1137 1216 1252 1284 oppre·
1266 1221 1417 1316 negem

42 1262 197 1368 widin·
210 1299 329 1366 hendit
359 1300 504 1364 Alnnum
535 1298 578 1365 de
611 1297 684 1377 Leo,
707 1318 805 1385 quem
836 1297 1057 1365 essooieverst
1087 1297 1253 1364 Robertue
1264 1272 1417 1367 fflme

210 1402 251 1468 ee
290 1401 496 1468 emisena
531 1401 570 1465 in
606 1399 756 1466 mena
793 1399 920 1466 esen
957 1400 999 1467 ee
1036 1398 1251 1487 notingham.
1265 1373 1416 1418 ”m

210 1503 441 1593 Apprehendit
463 1507 498 1568 et
514 1502 650 1568 Petrum
665 1501 707 1567 de
722 1501 921 1582 Boueneurt,
937 1501 1253 1589 Normennigensm‚

210 1628 308 1693 quem
330 1606 401 1694 ipse
423 1604 646 1694 usooieverut
663 1603 796 1670 Eudoni
817 1603 859 1670 de
881 1603 1027 1669 Duiville
1047 1604 1083 1669 in
1106 1604 1255 1670 custodie

211 1707 336 1774 castelli
359 1707 401 1774 de
423 1705 579 1785 Tikehil;
604 1710 640 1770 et
661 1710 840 1793 utrumque
862 1705 993 1771 illorum
1016 1705 1188 1794 suspendit
1216 1706 1252 1772 in

210 1809 371 1898 patibulo,
394 1808 472 1876 lieet
500 1806 678 1895 praediotus
700 1805 818 1874 Petms
847 1806 888 1872 de
910 1807 1108 1888 Bouenourt,
1138 1808 1253 1875 stetim
1266 1823 1370 1869 suess

210 1919 286 2000 pose
300 1910 515 1978 sansonem
537 1908 664 1975 esem
685 1908 726 1975 ee
741 1907 882 1990 nisui,
897 1898 1043 1976 'venisse
1056 1911 1253 1991 sansonis,
1265 1875 1409 1969 md

211 2016 249 2081 in
270 2017 447 2100 eonspeotu
469 2010 634 2077 Johsnnis
664 2009 794 2076 eomitis
828 2010 1012 2092 Meretonii
1036 2018 1071 2080 et
1099 2013 1135 2078 in
1164 1979 1404 2121 eurieiffltyl

211 2115 307 2204 regis,
323 2135 432 2181 eorem
446 2112 647 2191 eunoellsrio,
659 2110 818 2179 voluisset
832 2111 1054 2179 innoeentinm
1070 2135 1163 2180 susm
1177 2136 1254 2202 pur·
1265 2125 1402 2220 guamo

212 2239 314 2307 gare:
349 2218 539 2283 eonstenter
568 2213 735 2280 affirmans
757 2213 846 2301 qnod
868 2215 1038 2282 eestellnm
1059 2216 1100 2282 de
1123 2215 1255 2282 'Pikehil
1266 2225 1394 2321 ww

213 2318 376 2384 traditum
407 2317 474 2383 fuit
506 2315 623 2383 eomiti
653 2315 802 2383 Jobunni
833 2321 948 2384 tonte-e
983 2316 1189 2384 voluntatem
1221 2323 1256 2383 et

216 2419 471 2508 prohibitionem
504 2439 620 2498 suem3
648 2425 683 2484 et
709 2417 799 2504 quod
821 2418 850 2484 si
871 2418 941 2506 ipse
963 2417 1133 2486 habuisset
1153 2419 1256 2488 socios

213 2522 272 2610 qui
308 2527 417 2589 essent
453 2520 628 2586 unanimes
663 2519 707 2586 sd
744 2518 984 2587 defendendum
1020 2520 1104 2588 illud
1141 2527 1257 2588 eontra

212 2623 367 2690 tomitem
390 2621 580 2703 Memmii,
602 2619 689 2688 siout
718 2621 788 2710 ipse
817 2621 933 2701 voluit,
955 2645 1024 2689 non
1046 2628 1133 2690 esset
1153 2624 1256 2690 trudi·

213 2733 288 2790 tum
319 2725 356 2790 in
387 2745 491 2790 menn
521 2723 620 2790 illius
666 2721 888 2791 Onneellsrins
909 2745 987 2792 vero
1009 2724 1117 2791 noluit
1138 2747 1256 2814 purgu-

215 2828 341 2894 tionem
362 2825 441 2893 inde
463 2825 506 2892 ab
528 2846 567 2892 eo
589 2824 752 2912 noipere3
773 2825 831 2892 sed
844 2825 972 2892 remisit
985 2848 1061 2893 eum
1075 2826 1118 2893 od
1132 2828 1255 2894 onnam

213 2927 449 2995 oonstobulsrii
472 2925 618 3008 Oestrioe,
642 2926 754 2993 dioens
786 2926 845 3006 illi,
867 2933 885 2962 “
897 2927 990 2994 Vnde
1019 2929 1063 2994 sd
1085 2928 1255 2996 dominnm

213 3037 230 3064 ‘³
254 3035 354 3096 tuum
387 3028 733 3107 combustiones
762 3028 800 3094 in
825 3029 917 3095 euris
945 3025 1015 3116 ejus
1038 3052 1142 3118 purge
1162 3032 1257 3098 inno·

212 3140 230 3168 “
252 3132 394 3198 sentiam
416 3138 510 3198 tuem
531 3152 553 3196 s
573 3129 709 3196 erimine
730 3130 820 3216 quod
841 3130 912 3218 ipse
934 3131 998 3197 tibi
1019 3131 1191 3219 imponit''

258 3233 326 3314 Qui
360 3254 435 3300 oum
466 3231 545 3298 illuc
576 3231 724 3299 venisset
755 3253 830 3298 enm
855 3231 977 3299 litteris
999 3235 1128 3301 eomitis
1150 3234 1253 3302 Mere-
1267 3249 1399 3347 iffi

213 3335 299 3402 tonii
320 3334 590 3422 supplioentibm,
614 3333 738 3401 obtulit
758 3355 793 3401 so
815 3333 922 3400 modis
943 3335 1095 3402 omnibns
1116 3314 1367 3425 purgaredrum.

213 3436 438 3504 innoeentinm
469 3456 563 3502 susm
596 3458 617 3501 e
647 3435 787 3502 erimine
818 3435 907 3523 quod
937 3437 1089 3504 dominus
1118 3460 1196 3505 suus
1224 3440 1256 3505 ei

213 3540 423 3626 imponebet3
453 3540 580 3607 scilieet
610 3539 700 3627 quod
721 3560 782 3606 nee
810 3539 966 3628 proeoepit
986 3563 1047 3608 nee
1067 3542 1176 3608 voluit
1196 3565 1256 3610 neo

212 3642 249 3708 in
270 3642 381 3730 aliquo
403 3642 567 3710 eousensit
587 3641 677 3729 quod
699 3640 869 3708 metellum
892 3641 933 3708 de
955 3642 1088 3708 Tikehil
1109 3643 1255 3712 trudere
1281 3653 1356 3697 ΜΞ
1368 3658 1397 3696 ¹⁸·

213 3749 270 3810 tur
291 3743 406 3812 eomiti
418 3745 443 3810 J
443 3744 567 3810 obnnni
579 3769 589 3827 ;
609 3743 711 3810 inuno
725 3743 762 3809 in
775 3748 938 3832 quantum
951 3744 1062 3831 potuit
1086 3747 1256 3832 probibuit

211 3869 256 3914 ne
277 3847 462 3914 truderetur
482 3847 540 3914 illi
583 3848 634 3913 At
653 3845 830 3934 predictus
843 3847 1104 3913 oonstobulsrius
1118 3848 1255 3916 Oestriae
1268 3875 1316 3920 nus
1324 3874 1399 3927 nem

213 3950 321 4017 noluit
334 3950 412 4017 inde
426 3952 569 4038 recipere
583 3949 811 4039 purgetionom
825 3951 868 4016 ub
882 3949 950 4029 illo,
965 3951 1022 4015 sed
1043 3951 1114 4017 sine
1130 3952 1256 4039 judicio
1267 3925 1390 4077 ffsn

214 4052 308 4118 illum
330 4051 502 4139 suspendit
523 4053 560 4118 in
580 4051 732 4140 patibulo
753 4073 825 4118 enm
842 4057 957 4118 entenu
970 4051 1081 4120 ferres
1126 4053 1256 4121 Deinde
1269 4075 1327 4121 een
1362 4039 1398 4072 '¹¹'

214 4161 291 4242 post
310 4155 459 4221 triduum
480 4153 653 4242 suspendit
674 4154 836 4240 quendum
857 4153 1056 4240 armigerum
1078 4176 1182 4236 sunm,
1198 4178 1257 4244 pro
1269 4127 1398 4272 iffi&

215 4257 364 4344 eoquod
389 4257 459 4345 ipse
481 4256 637 4342 abigebat
657 4276 737 4322 sves
768 4278 790 4321 s
819 4275 950 4343 eorpore
972 4256 1062 4321 illius
1082 4257 1257 4344 pendentis
1268 4226 1382 4333 iudi'een.

215 4360 252 4426 in
278 4359 436 4448 patibulo,
460 4380 534 4447 quae
555 4379 667 4425 eomes
688 4358 760 4444 ejus
782 4355 949 4444 unguibus
969 4363 1004 4424 et
1026 4359 1142 4425 rostris
1174 4359 1257 4427 diln-

215 4461 378 4530 oersbent
421 4460 446 4528 J
447 4461 592 4527 ohannes
613 4463 727 4527 sutem
747 4479 855 4525 eomes
877 4457 1059 4539 Merstonii,
1081 4460 1118 4526 in
1131 4461 1257 4531 vindie-
