3270 5476
370 645 392 708 4
528 662 531 669 ·
768 616 880 709 omre
902 656 1003 708 unum

222 840 343 888 mute·
369 831 478 898 miuus
507 852 592 920 pepe
621 831 836 900 commisisset
862 831 1060 920 legetionem
1080 829 1118 895 in
1139 827 1345 908 Hibernium,
1367 825 1412 894 ed

206 891 355 1053 ἐξ
370 934 592 1000 coronandum
606 933 631 1000 J
631 934 792 1001 ohouncm
813 933 920 1000 fllium
942 954 1039 1000 suum
1052 931 1091 998 in
1103 928 1213 1018 regem
1231 929 1412 997 Hiberniae.

206 1018 328 1110 ἴω
372 1035 445 1116 Quo
466 1035 580 1102 audito
604 1040 742 1114 rumore,
772 1057 833 1103 rex
861 1034 954 1102 misit
982 1032 1116 1101 obviem
1146 1032 1194 1100 eis
1213 1032 1413 1105 doheunem

206 1106 329 1251 trs-hu.
371 1136 618 1204 nivernensem
654 1137 941 1225 archiepiscopum,
974 1141 1010 1203 oe
1042 1133 1236 1213 summi
1257 1133 1413 1202 nerefor-

262 1208 343 1263 ’Μ’
371 1237 504 1305 deneem
525 1238 811 1305 archidiaconum:
841 1242 878 1304 et
906 1237 1059 1304 domiuus
1079 1257 1139 1303 rex
1161 1236 1256 1304 veuit
1280 1236 1413 1303 Luudo-

371 1340 444 1405 nius
465 1339 598 1406 obviem
624 1339 694 1422 eis;
728 1344 765 1405 et
792 1339 914 1426 recepit
936 1360 991 1406 eos
1012 1338 1050 1404 in
1071 1337 1126 1405 die
1148 1337 1414 1406 Circumcisionie

371 1441 515 1522 Domini,
536 1464 611 1509 cum
639 1440 822 1509 venerabili
849 1441 1060 1529 processione
1081 1440 1171 1528 opud
1193 1440 1415 1520 Wcstmonue-

370 1545 493 1611 terium
513 1545 551 1611 in
571 1544 706 1611 ecclesie
727 1543 842 1611 Suuoti
864 1542 964 1610 Petri.
1007 1541 1078 1630 Ipsi
1099 1563 1187 1625 vero,
1217 1543 1415 1611 auctoritate

371 1646 491 1712 summi
512 1646 685 1734 pontificis,
707 1666 817 1712 cruooe
839 1651 917 1712 ente
946 1666 980 1712 ec
1009 1645 1136 1733 portori
1163 1633 1312 1713 fecerunt
1342 1646 1415 1713 ubi-

371 1769 499 1835 cunque
520 1746 757 1827 embulebeut;
786 1750 822 1812 et
850 1766 977 1834 semper
998 1745 1196 1814 incedebant
1218 1747 1358 1827 mitrati,
1380 1753 1416 1815 et

370 1851 481 1917 rubeis
495 1848 701 1915 indumentis
714 1847 847 1930 induti;
868 1853 903 1915 ct
925 1848 1078 1915 dioebuut
1098 1849 1188 1936 quod
1208 1850 1300 1917 missi
1319 1855 1417 1918 erent

372 1974 393 2017 o
426 1952 530 2018 lutere
558 1950 684 2017 domini
709 1971 804 2037 pcpoe
836 1951 880 2016 od
912 1949 1093 2017 audiendus
1124 1955 1160 2017 et
1191 1952 1418 2019 mminmdu

372 2075 486 2120 cenem
507 2051 748 2130 ccoleeiestices,
777 2051 806 2117 si
834 2073 909 2139 quae
933 2051 1112 2119 Merenda
1133 2059 1243 2121 omont
1263 2055 1307 2120 od
1329 2077 1418 2121 sum·

207 2166 351 2264 mim
372 2178 464 2223 mum
484 2154 681 2242 pontificem
726 2152 792 2219 Sed
814 2152 1024 2219 Buldcwinue
1038 2152 1287 2222 Omtueriensis
1312 2157 1418 2225 urchi-

206 2270 345 2365 We
373 2259 550 2346 epiecopus,
573 2254 760 2343 apostolicae
782 2254 870 2321 sedis
888 2254 1028 2342 legatus,
1054 2259 1096 2331 ‚ct
1125 2257 1324 2346 euffrugenei
1355 2259 1417 2342 sui,

207 2319 362 2466 affl&
373 2359 618 2427 considerantes
649 2357 739 2445 quod
773 2358 814 2424 de
846 2355 994 2424 adventu
1026 2358 1292 2444 supradictorum
1328 2361 1418 2450 lege-

207 2419 324 2575 ἔξω
373 2467 484 2529 cmm
505 2459 592 2527 nnn
612 2459 679 2525 nm
700 2459 789 2546 quor
810 2458 849 2524 in
870 2458 1086 2546 ignominiam
1111 2465 1147 2527 ee
1174 2461 1210 2527 in
1239 2462 1418 2531 commen.

292 2552 299 2567 '
373 2569 446 2630 tum
468 2560 713 2650 regnisveuire
735 2559 983 2648 posceteiipsi
1005 2560 1042 2626 in
1063 2581 1164 2650 regno
1188 2565 1419 2633 moremfcce-

371 2671 456 2745 rent,
479 2651 717 2732 cousuluerunt
746 2662 880 2729 domino
909 2662 980 2750 rogi
1009 2663 1099 2749 quod
1123 2665 1193 2752 ipse
1213 2665 1288 2735 illoc
1309 2689 1419 2736 secum

373 2768 507 2835 duceret
527 2767 566 2833 in
587 2763 834 2842 Normunniom,
857 2761 902 2829 ed
921 2784 1035 2851 pccem
1056 2768 1098 2831 ct
1113 2769 1318 2853 concordiem
1331 2771 1422 2837 inter

373 2872 483 2958 ipsum
502 2872 538 2935 et
551 2867 743 2955 Philippum
763 2886 872 2954 regem
889 2864 1036 2933 hhunciae
1057 2865 1259 2952 iaciendum
1279 2894 1420 2959 quorum

375 2971 520 3039 consiliis
541 2992 603 3037 rex
624 2967 803 3055 adquievit
848 2966 916 3048 Qui
946 2989 1021 3034 cum
1053 2969 1200 3038 audisset
1229 2994 1288 3060 per
1317 2974 1422 3042 inter·

375 3075 515 3140 nuncios
547 3093 624 3139 suos
657 3070 746 3158 quod
778 3090 845 3157 ραι
880 3068 1071 3137 nullatenus
1105 3072 1274 3142 reformcri
1311 3083 1422 3165 posset

376 3176 550 3251 intereos,
578 3171 644 3238 nisi
665 3191 726 3238 rex
747 3169 1003 3248 tmuefrcteseet,
1032 3173 1147 3239 stetim
1176 3177 1337 3263 proemieit
1363 3179 1423 3246 Jo-

212 3291 324 3387 {ffl'
376 3277 519 3344 hennom
552 3274 660 3340 filium
692 3293 791 3339 suum
820 3272 859 3339 in
892 3272 1141 3357 Normenuiom,
1172 3281 1209 3344 et
1239 3278 1311 3367 ipse
1347 3304 1422 3349 cum

213 3354 360 3488 ff*
377 3377 543 3468 meren
556 3375 683 3465 regem,
702 3379 738 3442 ot
757 3395 833 3441 eum
850 3375 981 3462 copiosa
994 3376 1423 3450 munumentum

288 3475 295 3495 '
378 3480 601 3558 multitudine
623 3477 718 3544 venit
739 3497 842 3564 usque
863 3476 1036 3557 Doverem,
1064 3479 1123 3546 uhi
1151 3502 1254 3549 neves
1275 3507 1345 3552 euae
1366 3508 1425 3572 pe·

378 3588 462 3650 retoe
492 3585 587 3648 erunt
617 3580 662 3646 ud
694 3578 1014 3650 tumshetcudumz.
1033 3585 1068 3648 et
1100 3590 1175 3670 post
1203 3607 1324 3673 peuces
1354 3588 1425 3655 dice

380 3707 469 3752 more
501 3681 651 3749 introvit.
700 3681 747 3748 Et
779 3702 854 3747 cum
887 3682 959 3768 jem
992 3682 1060 3750 iere
1087 3685 1352 3770 transfretasset,
1389 3695 1425 3757 et

380 3786 469 3875 epud
498 3785 649 3852 Witseut
676 3790 755 3851 ente
792 3788 926 3872 portum
962 3786 1174 3873 pervenisset,
1204 3789 1324 3859 hnbuit
1360 3793 1426 3860 sibi

380 3894 519 3956 ventum
540 3885 677 3954 obvium
697 3885 749 3952 itu
768 3887 979 3966 contrarium,
994 3889 1083 3975 quod
1102 3896 1224 3959 terrum
1243 3893 1293 3960 ibi
1311 3917 1426 3983 cepere

381 4012 450 4057 nou
470 3988 590 4077 potuit
619 3984 678 4054 sed
703 3985 818 4053 eodem
846 3987 901 4054 die
929 3988 967 4055 in
995 3993 1183 4078 crepusculo
1207 4017 1355 4064 reversus
1376 4004 1428 4066 est

382 4094 426 4159 od
457 4091 629 4158 Dovcrcm
675 4087 721 4156 Et
746 4088 836 4156 fecte
866 4088 915 4155 ibi
948 4113 1041 4159 more
1069 4094 1170 4161 trium
1203 4096 1339 4179 dierum,
1373 4101 1427 4169 dic

217 4204 359 4299 bmmi'ee
383 4195 502 4260 Martis
531 4191 682 4280 proximo
714 4195 790 4278 post
824 4189 934 4279 Oeput
966 4193 1102 4281 Jejmii,
1140 4198 1265 4266 scilicet
1301 4201 1428 4271 decimo

216 4306 283 4401 mo
359 4285 483 4363 'tertio
504 4291 662 4360 kalendas
684 4292 809 4375 Martii,
830 4293 953 4360 iterum
975 4318 1066 4363 mure
1087 4298 1237 4380 introvit,
1267 4309 1303 4371 et
1323 4307 1428 4394 appli-

382 4399 453 4465 cuit
473 4396 562 4485 opud
584 4394 742 4474 witsant,
772 4394 833 4460 ubi
860 4393 979 4464 hebuit
1007 4398 1072 4465 sibi
1098 4401 1214 4469 obvios
1236 4403 1428 4495 Philippum

383 4501 536 4569 comitem
558 4496 733 4578 E'lnudriae,
755 4498 909 4565 comitem
923 4498 1134 4583 Tcobuldum,
1157 4509 1193 4572 et
1213 4507 1367 4576 comitem
1387 4512 1429 4578 de
