3270 5476
372 629 414 691 20
776 634 883 700 omns
906 632 1008 683 suom

222 819 278 865 w·
285 821 344 864 ¹1⁸⁷·
371 815 495 897 pepetu
532 829 656 873 morsm
694 806 824 883 feriens,
855 825 989 892 gravem
1026 802 1145 869 incidit
1180 800 1416 866 infimitatem
1430 807 1550 908 lm·

205 881 317 1025 Ψ
373 911 447 992 Qus
460 909 672 976 vehementer
686 906 837 974 deooctus
851 906 958 972 vitem
980 903 1101 982 finivit,
1125 902 1290 969 universos
1313 898 1420 966 earnis

206 981 347 1086 bitem
373 1013 463 1078 viem
493 1011 659 1099 ingressus
691 1009 780 1097 epnd
802 1009 899 1096 Pyse,
921 1014 956 1075 et
977 1006 1026 1072 ibi
1058 1005 1205 1094 sepultus
1238 1010 1296 1071 est
1358 1001 1421 1067 Oui

207 1090 363 1195 ‘'hffii}
375 1112 529 1180 suecessit
551 1111 674 1177 Penius
695 1109 919 1178 Praenestinus
940 1107 1119 1197 episeopus,
1141 1111 1177 1174 et
1199 1108 1356 1173 vooetum
1370 1105 1422 1167 est

374 1236 494 1282 nomen
516 1214 586 1300 ejus
608 1213 759 1281 Clemens
787 1233 874 1299 pepe
894 1209 1034 1277 tertius¹

584 1439 693 1528 Copto
713 1444 761 1506 est
781 1435 974 1535 Jerusalem
995 1459 1019 1504 a
1039 1434 1216 1506 saudim.

211 1612 351 1706 m·
422 1599 563 1664 Interim
586 1599 762 1665 saladinus
781 1618 842 1665 rex
874 1597 1079 1684 Babylonius,
1101 1603 1199 1685 espts
1222 1595 1326 1663 Oruce
1356 1594 1424 1661 Do·
1561 1609 1563 1613 ’

212 1694 352 1766 (⁸01³th
378 1699 506 1779 minius,
541 1705 576 1766 et
612 1706 710 1788 ospto
746 1721 823 1785 rege
859 1697 1053 1779 Jerusslem,
1092 1703 1126 1765 et
1163 1699 1316 1765 omnibus
1353 1701 1425 1763 tum

378 1801 571 1889 Templsriis
592 1824 692 1888 quem
715 1800 959 1888 Hospitslsriis,
982 1805 1017 1867 et
1042 1801 1168 1868 coeteris
1197 1800 1362 1866 militibus
1390 1806 1426 1865 et

377 1902 620 1988 potentioribus
640 1907 740 1969 terrse
761 1901 817 1968 vel
838 1902 943 1989 septis
964 1901 1020 1967 vel
1041 1901 1243 1983 interfectis3
1265 1908 1299 1967 et
1321 1901 1427 1988 septis

378 2003 572 2070 civitatibus
594 2009 628 2070 et
658 2002 901 2069 munitionibus
934 2002 1001 2069 fere
1031 2003 1185 2070 omnibus
1206 2009 1307 2071 terres
1328 2002 1426 2070 Jeru-

378 2106 488 2184 selem,
521 2105 650 2173 obsedit
671 2105 877 2186 Jerusalem
898 2109 934 2170 et
964 2103 1051 2170 infre
1081 2127 1200 2193 peuooe
1231 2106 1301 2172 dies
1332 2105 1427 2171 hsbi·

210 2217 333 2323 w
377 2212 488 2274 tentes
519 2208 557 2272 in
590 2229 630 2275 es
658 2207 703 2272 ed
733 2205 937 2274 deditionem
967 2206 1081 2287 oosoti,
1104 2207 1322 2273 reddiderunt
1354 2229 1427 2273 esm

304 2300 311 2314 ’
378 2310 535 2378 Sslsdino
557 2314 593 2376 et
614 2309 747 2377 Turrim
779 2308 899 2376 David
944 2308 991 2374 Et
1023 2308 1094 2395 ipse
1117 2308 1294 2376 Solsdinus
1315 2330 1429 2375 omnes

377 2414 435 2500 qui
456 2414 494 2477 in
515 2411 653 2478 sivitste
674 2432 807 2477 monere
828 2410 987 2477 volebant
1018 2409 1098 2476 feeit
1130 2410 1195 2476 sibi
1225 2411 1429 2489 tributarios,

378 2523 413 2582 et
434 2514 529 2602 Syris
551 2512 692 2581 tradidit
714 2512 900 2579 custodiam
933 2511 1106 2599 Sepulchri
1138 2533 1244 2598 usque
1265 2513 1310 2578 sd
1331 2535 1429 2600 quer·

378 2624 451 2684 tum
474 2621 550 2705 post
571 2617 694 2683 festum
716 2613 832 2682 Seneti
854 2613 1046 2696 ldiohselis3
1079 2618 1114 2680 et
1136 2615 1247 2680 desem
1271 2613 1430 2702 Hospite·

376 2719 468 2786 lmiis
488 2718 630 2786 tradidit
651 2717 836 2785 custodium
850 2715 1066 2783 infirmorum
1105 2715 1199 2803 Tune
1212 2715 1427 2803 adimpletum

377 2827 428 2889 est
458 2822 548 2908 quod
577 2821 600 2888 J
603 2819 741 2888 eremiss
771 2818 985 2907 prophetevit
1015 2818 1058 2884 de
1079 2816 1264 2884 Jerusalem
1298 2816 1428 2884 dioens:

378 2931 398 2962 “
419 2923 575 3012 Prinoeps
597 2922 841 3012 provincierum
862 2920 951 2988 fsots
972 2924 1024 2988 est
1045 2920 1108 2987 sub
1130 2919 1278 3002 tributo;
1299 2920 1586 3008 plorsnsnmtus

379 3034 397 3063 “
419 3027 564 3114 ploravit
586 3026 624 3092 in
645 3030 750 3105 noete,
773 3029 810 3093 et
830 3025 989 3112 lsorymse
1019 3023 1092 3112 ejus
1122 3024 1158 3090 in
1180 3023 1325 3090 maxillis
1347 3021 1428 3109 ejus.

377 3137 397 3165 ‘⁶
419 3129 499 3195 Non
520 3134 572 3197 est
594 3129 653 3216 qui
674 3128 861 3196 consoletur
891 3148 966 3195 eum
996 3149 1040 3196 ex
1070 3126 1224 3195 omnibus
1246 3128 1330 3195 osris
1352 3126 1430 3214 ejus

379 3232 545 3298 “Omnes
566 3231 665 3298 smioi
687 3231 758 3319 ejus
772 3234 970 3320 spreverunt
984 3252 1067 3313 eem,
1083 3231 1307 3298 etfsotisunt
1321 3228 1431 3297 eiini-

378 3343 397 3371 “
420 3335 505 3401 miei
549 3335 672 3402 Omnes
686 3340 908 3424 persecutores
929 3334 1001 3421 ejus
1014 3334 1304 3422 apprehenderunt
1327 3331 1561 3421 [esm]1mns

379 3443 399 3476 ‘¹
420 3438 510 3507 inter
531 3436 727 3527 angustias?
764 3437 810 3504 Et
825 3436 911 3504 elius
925 3436 1106 3525 propheto:
1124 3445 1143 3474 “
1154 3437 1254 3517 Deus,
1268 3440 1432 3504 venerunt
1444 3450 1585 3497 reum

381 3545 537 3629 “gentes
567 3541 605 3605 in
635 3540 865 3607 baereditetem
904 3539 1019 3618 Tuum,
1048 3538 1238 3626 polluerunt
1270 3538 1432 3626 templum

381 3648 401 3680 “
422 3648 574 3710 ssnotum
610 3642 749 3722 Tuum,”
785 3645 846 3709 eto
905 3639 1035 3707 Deinde
1050 3639 1056 3648 “
1072 3639 1256 3718 Selsdinus,
1293 3640 1435 3727 expletis

323 3744 535 3858 obpomnibus
556 3743 600 3810 sd
621 3744 832 3811 voluntatem
853 3763 957 3824 susm,
980 3741 1154 3810 mandevit
1183 3743 1297 3810 eomiti
1319 3742 1433 3829 Tripo-

311 3825 359 3908 'e
381 3848 495 3929 lit-sno,
529 3847 619 3934 quod
654 3846 748 3934 [nisi]
782 3845 883 3913 fidem
914 3865 1014 3931 quem
1047 3845 1079 3912 ei
1111 3845 1307 3933 promiserat
1336 3866 1435 3932 super

171 4032 174 4038 Ι
216 3922 246 3958 '¹
381 3951 487 4038 pectis
508 3950 599 4016 inter
615 3969 669 4016 eos
692 3949 869 4016 oontreotis
890 3947 1064 4016 observem
1085 3947 1253 4030 voluisset,
1275 3948 1346 4036 ipse
1367 3953 1434 4013 ter-

381 4074 455 4119 rsm
476 4074 571 4119 susm
605 4050 800 4118 devsstmet
846 4050 964 4119 (lomes
996 4071 1075 4117 vero
1104 4050 1322 4132 remendsvit,
1345 4049 1378 4117 ei
1400 4071 1435 4116 se

380 4154 470 4221 bons
490 4153 556 4219 fide
577 4153 830 4220 observaturum
863 4153 976 4220 omnis
1006 4174 1082 4240 quse
1111 4153 1143 4218 ei
1173 4153 1376 4241 promiserat,
1399 4153 1435 4216 et

380 4256 502 4323 statuit
523 4256 556 4322 ei
578 4255 666 4321 diem
687 4254 731 4321 sd
753 4254 991 4341 perfioiendum
1023 4277 1071 4322 ee
1116 4254 1163 4320 Et
1192 4255 1328 4322 interim
1357 4275 1434 4321 oon·

1235 4434 1420 4443 ——n--n

524 4547 1294 4618 ¹rsnsemewsunuuuopurumneuso-sv.
