3270 5476
375 589 440 655 188
784 602 893 655 nnana
914 603 1016 655 anam

223 778 346 877 Ψ
378 777 398 887 2:
418 774 907 931 ξξξξξξὲξὲἓξξ
936 773 1081 916 ἓξὲξ
1092 774 1186 926 ,ἓὲἓῗ
1206 773 1564 916 with*

375 944 395 971 “
410 941 599 1010 Novembris,
619 941 698 1015 apud
714 941 910 999 Messanam?

226 1045 341 1095 ‘²¹¹³ss
420 1050 488 1118 Sed
509 1055 687 1139 anteqnam
709 1074 777 1140 pax
798 1052 865 1118 ista
894 1073 1045 1119 eonceaea
1067 1058 1102 1119 et
1123 1051 1320 1119 confirmata
1341 1037 1561 1138 essetgfffi·

207 1110 351 1259 3¹¹3&
375 1154 601 1242 interregem
623 1152 755 1241 Angiiae
779 1159 815 1222 et
841 1175 952 1242 regem
975 1153 1106 1232 Siciliae,
1137 1153 1339 1242 Margaritae
1368 1155 1427 1221 ad·

207 1261 361 1360 fffflmm
376 1254 505 1321 miralia
530 1258 565 1321 et
587 1254 757 1323 Jordanus
779 1255 831 1323 del
857 1255 930 1335 Pin,
952 1255 1131 1323 familiares
1153 1256 1241 1344 regis
1255 1255 1425 1337 Taneredi,

376 1357 499 1444 quibus
529 1356 600 1444 ipse
630 1357 801 1425 civitatem
824 1358 1011 1425 Messanam
1033 1357 1217 1424 tradiderat
1239 1357 1425 1425 eustodien-

381 1459 467 1537 dam,
485 1458 527 1524 de
541 1463 638 1525 noete
652 1459 776 1526 furtive
790 1460 946 1526 abierunt
959 1483 968 1540 ;
982 1460 1182 1526 adducentes
1196 1480 1305 1526 seeum
1318 1462 1425 1525 totam

381 1560 543 1626 familiam
565 1580 659 1626 snam
683 1566 717 1627 et
739 1562 962 1629 substantiam
984 1583 1084 1649 qnam
1106 1559 1274 1627 habebant
1287 1561 1324 1626 in
1345 1581 1426 1627 auro

382 1666 416 1729 et
454 1667 613 1750 argentm
650 1664 764 1730 domos
796 1685 874 1731 vero
905 1663 1038 1731 illorum
1070 1668 1105 1730 at
1135 1662 1247 1750 galeae
1276 1665 1311 1728 et
1343 1662 1426 1728 alins

380 1764 596 1851 possessionee
618 1786 696 1830 anae
717 1765 867 1832 saisiavit
888 1786 949 1830 rex
979 1765 1140 1831 Ricardns
1170 1764 1205 1829 in
1234 1785 1337 1830 manu
1365 1785 1426 1830 sua

206 1869 351 1967 mm
380 1865 449 1931 illis
464 1866 674 1933 abeuntibus.
718 1867 848 1934 Deinde
862 1889 923 1933 rex
936 1867 1070 1955 anglia
1093 1867 1253 1933 fossatum
1267 1887 1426 1954 magnum

205 1975 336 2066 W
377 1968 485 2034 latum
507 1973 542 2034 et
565 1967 767 2055 profundum
788 1969 869 2035 feeit
890 1969 962 2035 fieri
984 1991 1043 2058 per
1056 1968 1203 2036 medinm
1217 1969 1335 2035 insulae
1349 1990 1425 2055 quse

206 2071 300 2120 (Μ
375 2075 427 2137 est
451 2072 488 2136 in
509 2070 647 2136 flumine
669 2071 724 2137 del
747 2071 833 2137 Far:
857 2072 980 2158 inqua
1001 2075 1052 2138 est
1074 2070 1267 2159 pradictum
1297 2093 1426 2138 monas·

378 2172 501 2240 terium
531 2171 728 2253 Griffonm,
758 2172 816 2240 nbi
839 2172 987 2241 thesauri
1007 2173 1094 2260 regis
1116 2178 1151 2240 et
1172 2172 1332 2240 victualia
1353 2194 1426 2239 ene·

374 2273 610 2357 todiebantnr;
641 2274 735 2361 enjn's
764 2274 941 2362 longitudo
971 2274 1076 2342 totins
1112 2274 1231 2341 insulse
1276 2276 1424 2342 eontinet

378 2375 592 2442 latitudinem
615 2376 658 2442 ab
680 2398 749 2444 nna
770 2377 844 2465 ripa
865 2376 902 2441 in
932 2376 1080 2458 alteram,
1102 2381 1137 2442 et
1160 2374 1236 2441 finis
1257 2375 1328 2462 ejus
1357 2381 1425 2441 ter·
1491 2455 1495 2462 .

381 2476 530 2544 minatur
563 2477 600 2543 in
623 2477 815 2566 caripdim.¹
862 2478 908 2545 Et
932 2483 983 2545 eat
1008 2477 1193 2545 notandum
1208 2477 1297 2565 qnod
1310 2477 1348 2543 in
1361 2476 1424 2543 flu-

379 2580 435 2645 vio
464 2579 521 2645 illo
552 2579 606 2645 del
629 2579 696 2646 Far
728 2581 769 2647 de
792 2579 960 2647 Maehines
993 2585 1073 2648 aunt
1102 2580 1161 2646 illa
1191 2580 1257 2647 duo
1279 2581 1425 2668 pericula

384 2682 485 2748 menie
507 2681 662 2759 maxima,
677 2681 803 2749 seilicet
824 2680 910 2748 Silla
924 2687 958 2749 et
972 2682 1133 2750 caribdis
1180 2681 1327 2762 Quarum
1347 2704 1424 2763 una,

379 2783 474 2865 Silla,
506 2788 557 2850 est
586 2784 631 2850 ad
657 2785 832 2852 introitum
854 2783 909 2855 del
930 2782 997 2850 Far
1018 2780 1118 2872 piope
1140 2783 1173 2848 la
1195 2782 1368 2870 Baignaoe,
1389 2788 1425 2849 et

376 2885 491 2967 altera,
513 2887 637 2953 scilieet
653 2886 816 2970 caribdis,
839 2892 890 2954 est
911 2908 1011 2975 prope
1032 2887 1162 2971 exitum
1183 2885 1237 2952 del
1252 2886 1325 2952 Far.
1369 2886 1424 2952 Ad

376 2988 469 3076 eujus
491 2989 712 3076 eognitionem
733 2989 822 3057 faeta
842 2993 895 3056 est
924 2988 1026 3055 turris
1047 2987 1179 3077 lapidea
1200 2987 1236 3053 in
1266 2987 1424 3075 pradinas

380 3090 491 3157 insula
508 3091 610 3176 juxta
631 3092 793 3158 fossatum
814 3092 901 3186 regis
922 3088 1076 3179 anglia·

207 3211 310 3260 manne
423 3192 553 3260 Deinde
589 3192 679 3259 idem
716 3194 878 3261 Ricardns
913 3214 973 3260 rex
1010 3193 1143 3281 Angtiae
1178 3191 1328 3260 firmavit
1357 3191 1556 3293 eibigffiu·

206 3263 363 3362 &tans
378 3295 548 3363 maenum
570 3295 656 3362 nra
678 3295 715 3362 in
736 3295 908 3386 marano
930 3296 1054 3362 monas
1075 3295 1171 3362 ardui
1193 3301 1290 3361 aas
1311 3316 1423 3361 mura

355 3397 526 3465 'civitatis
578 3397 747 3477 Messanae,
802 3398 894 3487 qnod
952 3397 1167 3485 Mategriffun
1211 3400 1421 3464 vocaverunt

377 3499 543 3567 Griffones
572 3520 660 3580 vero,
698 3504 777 3567 ante
813 3501 996 3568 adventum
1033 3501 1119 3589 regis
1156 3498 1296 3587 Anglia‚
1326 3505 1423 3566 erant

376 3602 580 3689 potentiores
594 3601 748 3669 omnibns
763 3601 822 3688 qni
835 3608 932 3669 erant
951 3603 989 3669 in
1010 3607 1099 3670 tana
1120 3602 1262 3671 sinilia:
1286 3606 1322 3668 et
1346 3602 1422 3669 odio

374 3702 544 3769 habebant
566 3722 679 3769 omnes
714 3702 864 3770 homines
899 3704 1182 3785 ultramontanos3
1219 3704 1302 3770 adeo
1333 3702 1420 3791 qnod

377 3804 517 3870 minimo
538 3802 708 3871 habebant
729 3803 804 3872 illos
825 3805 1029 3874 interficere:
1053 3827 1113 3874 nec
1142 3810 1215 3873 erat
1236 3804 1294 3894 qni
1326 3803 1421 3892 adju-

374 3911 478 3973 varet.
520 3903 589 3973 Sed
610 3926 653 3972 ex
690 3927 756 3992 qno
792 3927 854 3973 rex
884 3907 1017 3995 Anglioe
1046 3908 1127 3975 illue
1156 3906 1260 3990 venit,
1292 3906 1421 3974 malitia

375 4028 488 4075 eorum
511 4007 648 4094 quievit,
670 4011 707 4074 et
726 4013 874 4106 pptestaa
902 4031 1015 4077 eornm
1049 4011 1182 4079 minuta
1201 4015 1262 4088 est,
1283 4014 1318 4076 et
1341 4008 1420 4075 facti

376 4112 456 4175 sunt
477 4108 617 4176 vilionea.
633 4108 787 4176 omnibns
807 4109 1079 4179 inhabitantibus
1093 4112 1330 4179 terramillam.
1375 4109 1421 4176 Et

374 4215 546 4298 sperantes
567 4231 603 4277 se
631 4232 724 4299 posse
746 4215 863 4279 eontra
894 4233 1005 4300 regem
1027 4213 1168 4303 Angliaa,
1188 4214 1274 4280 aient
1306 4216 1421 4301 potne-

484 4363 627 4371 ---———-=·
631 4364 653 4371 ›-
660 4364 719 4372 n—

408 4412 761 4500 metaneam
787 4435 872 4487 non-
921 4433 975 4486 ξω
1000 4433 1422 4503 amnesamnes:

374 4513 431 4564 den
922 4512 1101 4568 mentun*

407 4589 873 4660 ‘mantuanensis-nin-
