<?xml version="1.0" encoding="UTF-8"?>
<!DOCTYPE html PUBLIC "-//W3C//DTD XHTML 1.0 Transitional//EN"
    "http://www.w3.org/TR/xhtml1/DTD/xhtml1-transitional.dtd">
<html xmlns="http://www.w3.org/1999/xhtml" xml:lang="en" lang="en">
 <head>
  <title>
</title>
<meta http-equiv="Content-Type" content="text/html;charset=utf-8" />
  <meta name='ocr-system' content='tesseract 3.04.00' />
  <meta name='ocr-capabilities' content='ocr_page ocr_carea ocr_par ocr_line ocrx_word'/>
</head>
<body>
  <div class='ocr_page' id='page_1' title='image "./chroniclereigns00stubgoog_0336.png"; bbox 0 0 3270 5476; ppageno 0'>
   <div class='ocr_carea' id='block_1_1' title="bbox 118 847 1480 968">
    <p class='ocr_par' dir='ltr' id='par_1_1' title="bbox 118 847 1480 968">
     <span class='ocr_line' id='line_1_1' title="bbox 118 847 1480 968; baseline 0.001 -56"><span class='ocrx_word' id='word_1_1' title='bbox 118 863 236 968; x_wconf 45' lang='grc' dir='ltr'><strong>ἕπε,</strong></span> <span class='ocrx_word' id='word_1_2' title='bbox 286 847 397 914; x_wconf 88' lang='lat' dir='ltr'><strong>decem</strong></span> <span class='ocrx_word' id='word_1_3' title='bbox 424 849 571 915; x_wconf 88' lang='lat' dir='ltr'><strong>millibus</strong></span> <span class='ocrx_word' id='word_1_4' title='bbox 598 849 718 915; x_wconf 79' lang='lat' dir='ltr'><strong>mercis</strong></span> <span class='ocrx_word' id='word_1_5' title='bbox 751 849 882 936; x_wconf 77' lang='lat' dir='ltr'><strong>sugenti</strong></span> <span class='ocrx_word' id='word_1_6' title='bbox 905 849 949 915; x_wconf 85' lang='lat' dir='ltr'><strong>ad</strong></span> <span class='ocrx_word' id='word_1_7' title='bbox 970 870 1051 936; x_wconf 88' lang='lat' dir='ltr'><strong>opus</strong></span> <span class='ocrx_word' id='word_1_8' title='bbox 1082 849 1229 936; x_wconf 89' lang='lat' dir='ltr'><strong>ejusdem</strong></span> <span class='ocrx_word' id='word_1_9' title='bbox 1259 870 1330 913; x_wconf 88' lang='lat' dir='ltr'><strong>mu·</strong></span> <span class='ocrx_word' id='word_1_10' title='bbox 1359 869 1480 916; x_wconf 74' lang='lat' dir='ltr'><strong>nuum</strong></span> 
     </span>
    </p>
   </div>
   <div class='ocr_carea' id='block_1_2' title="bbox 739 659 1327 724">
    <p class='ocr_par' dir='ltr' id='par_1_2' title="bbox 739 659 1327 724">
     <span class='ocr_line' id='line_1_2' title="bbox 739 659 1327 724; baseline -0.002 -1"><span class='ocrx_word' id='word_1_11' title='bbox 739 672 891 724; x_wconf 78' lang='lat' dir='ltr'><strong>mosum.</strong></span> <span class='ocrx_word' id='word_1_12' title='bbox 1267 659 1327 724; x_wconf 79' lang='lat'><strong>161</strong></span> 
     </span>
    </p>
   </div>
   <div class='ocr_carea' id='block_1_3' title="bbox 1376 919 1463 965">
    <p class='ocr_par' dir='ltr' id='par_1_3' title="bbox 1376 919 1463 965">
     <span class='ocr_line' id='line_1_3' title="bbox 1376 919 1463 965; baseline 0.011 -1"><span class='ocrx_word' id='word_1_13' title='bbox 1376 919 1463 965; x_wconf 69' lang='lat' dir='ltr'><strong>Heruli</strong></span> 
     </span>
    </p>
   </div>
   <div class='ocr_carea' id='block_1_4' title="bbox 185 950 1491 1038">
    <p class='ocr_par' dir='ltr' id='par_1_4' title="bbox 185 950 1491 1038">
     <span class='ocr_line' id='line_1_4' title="bbox 185 950 1491 1038; baseline 0.008 -29"><span class='ocrx_word' id='word_1_14' title='bbox 185 978 203 1010; x_wconf 72' lang='lat' dir='ltr'><strong>r.</strong></span> <span class='ocrx_word' id='word_1_15' title='bbox 285 950 383 1028; x_wconf 86' lang='lat' dir='ltr'><strong>lieris,</strong></span> <span class='ocrx_word' id='word_1_16' title='bbox 417 973 475 1038; x_wconf 91' lang='lat' dir='ltr'><strong>pro</strong></span> <span class='ocrx_word' id='word_1_17' title='bbox 508 954 727 1018; x_wconf 85' lang='lat' dir='ltr'><strong>conventione</strong></span> <span class='ocrx_word' id='word_1_18' title='bbox 759 973 780 1016; x_wconf 82' lang='lat' dir='ltr'>a</span> <span class='ocrx_word' id='word_1_19' title='bbox 812 972 888 1038; x_wconf 76' lang='lat' dir='ltr'><strong>rege</strong></span> <span class='ocrx_word' id='word_1_20' title='bbox 910 952 1064 1038; x_wconf 76' lang='lat' dir='ltr'><strong>Angliae;</strong></span> <span class='ocrx_word' id='word_1_21' title='bbox 1094 957 1129 1017; x_wconf 91' lang='lat' dir='ltr'><strong>et</strong></span> <span class='ocrx_word' id='word_1_22' title='bbox 1163 973 1237 1018; x_wconf 91' lang='lat' dir='ltr'><strong>cnm</strong></span> <span class='ocrx_word' id='word_1_23' title='bbox 1270 973 1330 1017; x_wconf 85' lang='lat' dir='ltr'><strong>rex</strong></span> <span class='ocrx_word' id='word_1_24' title='bbox 1344 982 1491 1028; x_wconf 55' lang='lat' dir='ltr'><strong>mmm</strong></span> 
     </span>
    </p>
   </div>
   <div class='ocr_carea' id='block_1_5' title="bbox 283 1033 1482 1346">
    <p class='ocr_par' dir='ltr' id='par_1_5' title="bbox 283 1033 1482 1346">
     <span class='ocr_line' id='line_1_5' title="bbox 287 1033 1480 1142; baseline 0 -22"><span class='ocrx_word' id='word_1_25' title='bbox 287 1052 315 1120; x_wconf 87' lang='lat' dir='ltr'><strong>F</strong></span> <span class='ocrx_word' id='word_1_26' title='bbox 316 1053 436 1119; x_wconf 79' lang='lat' dir='ltr'><strong>ranciis</strong></span> <span class='ocrx_word' id='word_1_27' title='bbox 456 1054 580 1120; x_wconf 78' lang='lat' dir='ltr'><strong>rediret</strong></span> <span class='ocrx_word' id='word_1_28' title='bbox 602 1056 639 1119; x_wconf 93' lang='lat' dir='ltr'><strong>in</strong></span> <span class='ocrx_word' id='word_1_29' title='bbox 662 1053 848 1132; x_wconf 85' lang='lat' dir='ltr'><strong>Franciam,</strong></span> <span class='ocrx_word' id='word_1_30' title='bbox 870 1054 1028 1142; x_wconf 70' lang='lat' dir='ltr'><strong>predicta</strong></span> <span class='ocrx_word' id='word_1_31' title='bbox 1049 1076 1140 1121; x_wconf 91' lang='lat' dir='ltr'><strong>soror</strong></span> <span class='ocrx_word' id='word_1_32' title='bbox 1171 1053 1242 1140; x_wconf 91' lang='lat' dir='ltr'><strong>ejus</strong></span> <span class='ocrx_word' id='word_1_33' title='bbox 1263 1033 1480 1138; x_wconf 59' lang='lat' dir='ltr'><strong>tra-llffiffl</strong></span> 
     </span>
     <span class='ocr_line' id='line_1_6' title="bbox 285 1154 1329 1242; baseline 0.003 -22"><span class='ocrx_word' id='word_1_34' title='bbox 285 1155 419 1220; x_wconf 84' lang='lat' dir='ltr'><strong>deretur</strong></span> <span class='ocrx_word' id='word_1_35' title='bbox 441 1155 490 1220; x_wconf 93' lang='lat' dir='ltr'><strong>illi</strong></span> <span class='ocrx_word' id='word_1_36' title='bbox 514 1178 588 1222; x_wconf 90' lang='lat' dir='ltr'><strong>cum</strong></span> <span class='ocrx_word' id='word_1_37' title='bbox 611 1156 757 1222; x_wconf 85' lang='lat' dir='ltr'><strong>Gisortio</strong></span> <span class='ocrx_word' id='word_1_38' title='bbox 788 1161 823 1222; x_wconf 85' lang='lat' dir='ltr'><strong>et</strong></span> <span class='ocrx_word' id='word_1_39' title='bbox 854 1154 1007 1222; x_wconf 90' lang='lat' dir='ltr'><strong>omnibus</strong></span> <span class='ocrx_word' id='word_1_40' title='bbox 1040 1157 1113 1222; x_wconf 83' lang='lat' dir='ltr'><strong>eliis</strong></span> <span class='ocrx_word' id='word_1_41' title='bbox 1135 1157 1233 1222; x_wconf 87' lang='lat' dir='ltr'><strong>rebus</strong></span> <span class='ocrx_word' id='word_1_42' title='bbox 1254 1178 1329 1242; x_wconf 75' lang='lat' dir='ltr'><strong>quis</strong></span> 
     </span>
     <span class='ocr_line' id='line_1_7' title="bbox 283 1256 1482 1346; baseline 0.002 -24"><span class='ocrx_word' id='word_1_43' title='bbox 283 1277 345 1322; x_wconf 86' lang='lat' dir='ltr'><strong>rex</strong></span> <span class='ocrx_word' id='word_1_44' title='bbox 375 1256 524 1324; x_wconf 85' lang='lat' dir='ltr'><strong>Franciae</strong></span> <span class='ocrx_word' id='word_1_45' title='bbox 555 1259 602 1324; x_wconf 87' lang='lat' dir='ltr'><strong>eis</strong></span> <span class='ocrx_word' id='word_1_46' title='bbox 639 1261 844 1324; x_wconf 76' lang='lat' dir='ltr'><strong>concesserat</strong></span> <span class='ocrx_word' id='word_1_47' title='bbox 881 1259 919 1323; x_wconf 94' lang='lat' dir='ltr'><strong>in</strong></span> <span class='ocrx_word' id='word_1_48' title='bbox 956 1258 1140 1346; x_wconf 82' lang='lat' dir='ltr'><strong>maritagio.</strong></span> <span class='ocrx_word' id='word_1_49' title='bbox 1186 1259 1231 1323; x_wconf 86' lang='lat' dir='ltr'><strong>Et</strong></span> <span class='ocrx_word' id='word_1_50' title='bbox 1268 1280 1328 1323; x_wconf 89' lang='lat' dir='ltr'><strong>rex</strong></span> <span class='ocrx_word' id='word_1_51' title='bbox 1368 1280 1444 1324; x_wconf 72' lang='lat' dir='ltr'><strong>ares</strong></span> <span class='ocrx_word' id='word_1_52' title='bbox 1452 1285 1482 1324; x_wconf 63' lang='lat' dir='ltr'><strong>s.</strong></span> 
     </span>
    </p>
   </div>
   <div class='ocr_carea' id='block_1_6' title="bbox 286 1341 1477 1446">
    <p class='ocr_par' dir='ltr' id='par_1_6' title="bbox 286 1341 1477 1446">
     <span class='ocr_line' id='line_1_8' title="bbox 286 1341 1477 1446; baseline 0.005 -24"><span class='ocrx_word' id='word_1_53' title='bbox 286 1358 434 1425; x_wconf 84' lang='lat' dir='ltr'><strong>Franciae</strong></span> <span class='ocrx_word' id='word_1_54' title='bbox 472 1359 566 1426; x_wconf 89' lang='lat' dir='ltr'><strong>dedit</strong></span> <span class='ocrx_word' id='word_1_55' title='bbox 610 1360 778 1425; x_wconf 77' lang='lat' dir='ltr'><strong>licentiam</strong></span> <span class='ocrx_word' id='word_1_56' title='bbox 815 1359 886 1446; x_wconf 84' lang='lat' dir='ltr'><strong>regi</strong></span> <span class='ocrx_word' id='word_1_57' title='bbox 923 1360 1057 1446; x_wconf 79' lang='lat' dir='ltr'><strong>Anglisa</strong></span> <span class='ocrx_word' id='word_1_58' title='bbox 1100 1380 1328 1446; x_wconf 84' lang='lat' dir='ltr'><strong>quemcunque</strong></span> <span class='ocrx_word' id='word_1_59' title='bbox 1339 1341 1477 1446; x_wconf 55' lang='lat' dir='ltr'><strong>ffiffm</strong></span> 
     </span>
    </p>
   </div>
   <div class='ocr_carea' id='block_1_7' title="bbox 285 1442 1472 2159">
    <p class='ocr_par' dir='ltr' id='par_1_7' title="bbox 285 1442 1472 2159">
     <span class='ocr_line' id='line_1_9' title="bbox 286 1442 1452 1548; baseline 0.006 -26"><span class='ocrx_word' id='word_1_60' title='bbox 286 1459 387 1526; x_wconf 88' lang='lat' dir='ltr'><strong>vellet</strong></span> <span class='ocrx_word' id='word_1_61' title='bbox 424 1460 565 1531; x_wconf 88' lang='lat' dir='ltr'><strong>ducendi</strong></span> <span class='ocrx_word' id='word_1_62' title='bbox 604 1463 641 1526; x_wconf 92' lang='lat' dir='ltr'><strong>in</strong></span> <span class='ocrx_word' id='word_1_63' title='bbox 678 1483 824 1527; x_wconf 85' lang='lat' dir='ltr'><strong>uxorem.</strong></span> <span class='ocrx_word' id='word_1_64' title='bbox 869 1459 1010 1548; x_wconf 79' lang='lat' dir='ltr'><strong>Insuper</strong></span> <span class='ocrx_word' id='word_1_65' title='bbox 1045 1461 1204 1528; x_wconf 90' lang='lat' dir='ltr'><strong>concessit</strong></span> <span class='ocrx_word' id='word_1_66' title='bbox 1241 1463 1329 1548; x_wconf 90' lang='lat' dir='ltr'><strong>quod</strong></span> <span class='ocrx_word' id='word_1_67' title='bbox 1339 1442 1452 1536; x_wconf 45' lang='lat' dir='ltr'><strong>{oblidi</strong></span> 
     </span>
     <span class='ocr_line' id='line_1_10' title="bbox 286 1542 1472 1650; baseline 0.002 -23"><span class='ocrx_word' id='word_1_68' title='bbox 286 1563 355 1627; x_wconf 82' lang='lat' dir='ltr'><strong>dux</strong></span> <span class='ocrx_word' id='word_1_69' title='bbox 378 1562 560 1630; x_wconf 76' lang='lat' dir='ltr'><strong>Britanniae</strong></span> <span class='ocrx_word' id='word_1_70' title='bbox 582 1565 628 1630; x_wconf 90' lang='lat' dir='ltr'><strong>sit</strong></span> <span class='ocrx_word' id='word_1_71' title='bbox 649 1552 855 1650; x_wconf 45' lang='lat' dir='ltr'><strong>homo&#39;regis</strong></span> <span class='ocrx_word' id='word_1_72' title='bbox 878 1563 1009 1649; x_wconf 82' lang='lat' dir='ltr'><strong>Angliae</strong></span> <span class='ocrx_word' id='word_1_73' title='bbox 1023 1561 1059 1629; x_wconf 91' lang='lat' dir='ltr'><strong>in</strong></span> <span class='ocrx_word' id='word_1_74' title='bbox 1074 1568 1277 1650; x_wconf 88' lang='lat' dir='ltr'><strong>perpetuum,</strong></span> <span class='ocrx_word' id='word_1_75' title='bbox 1293 1542 1472 1646; x_wconf 53' lang='lat' dir='ltr'><strong>elffissffir</strong></span> 
     </span>
     <span class='ocr_line' id='line_1_11' title="bbox 285 1643 1455 1752; baseline 0.003 -24"><span class='ocrx_word' id='word_1_76' title='bbox 285 1664 453 1729; x_wconf 80' lang='lat' dir='ltr'><strong>haeredum</strong></span> <span class='ocrx_word' id='word_1_77' title='bbox 484 1687 625 1743; x_wconf 87' lang='lat' dir='ltr'><strong>suorum,</strong></span> <span class='ocrx_word' id='word_1_78' title='bbox 660 1664 701 1730; x_wconf 91' lang='lat' dir='ltr'><strong>de</strong></span> <span class='ocrx_word' id='word_1_79' title='bbox 735 1663 917 1744; x_wconf 85' lang='lat' dir='ltr'><strong>Britannis,</strong></span> <span class='ocrx_word' id='word_1_80' title='bbox 940 1669 975 1729; x_wconf 90' lang='lat' dir='ltr'><strong>et</strong></span> <span class='ocrx_word' id='word_1_81' title='bbox 1005 1666 1094 1751; x_wconf 87' lang='lat' dir='ltr'><strong>quod</strong></span> <span class='ocrx_word' id='word_1_82' title='bbox 1115 1687 1174 1731; x_wconf 88' lang='lat' dir='ltr'><strong>rex</strong></span> <span class='ocrx_word' id='word_1_83' title='bbox 1196 1665 1328 1752; x_wconf 78' lang='lat' dir='ltr'><strong>Anglim</strong></span> <span class='ocrx_word' id='word_1_84' title='bbox 1341 1643 1455 1696; x_wconf 47' lang='grc' dir='ltr'><strong>ΝΜ·</strong></span> 
     </span>
     <span class='ocr_line' id='line_1_12' title="bbox 285 1765 1329 1854; baseline 0.002 -24"><span class='ocrx_word' id='word_1_85' title='bbox 285 1771 319 1831; x_wconf 87' lang='lat' dir='ltr'><strong>et</strong></span> <span class='ocrx_word' id='word_1_86' title='bbox 342 1766 486 1832; x_wconf 80' lang='lat' dir='ltr'><strong>haeredes</strong></span> <span class='ocrx_word' id='word_1_87' title='bbox 508 1767 559 1832; x_wconf 91' lang='lat' dir='ltr'><strong>sui</strong></span> <span class='ocrx_word' id='word_1_88' title='bbox 581 1767 801 1852; x_wconf 80' lang='lat' dir='ltr'><strong>respondeant</strong></span> <span class='ocrx_word' id='word_1_89' title='bbox 821 1765 900 1832; x_wconf 92' lang='lat' dir='ltr'><strong>inde</strong></span> <span class='ocrx_word' id='word_1_90' title='bbox 914 1766 984 1854; x_wconf 82' lang='lat' dir='ltr'><strong>regi</strong></span> <span class='ocrx_word' id='word_1_91' title='bbox 1000 1766 1147 1833; x_wconf 84' lang='lat' dir='ltr'><strong>Franciae</strong></span> <span class='ocrx_word' id='word_1_92' title='bbox 1170 1772 1204 1832; x_wconf 90' lang='lat' dir='ltr'><strong>et</strong></span> <span class='ocrx_word' id='word_1_93' title='bbox 1228 1769 1329 1834; x_wconf 85' lang='lat' dir='ltr'><strong>haere·</strong></span> 
     </span>
     <span class='ocr_line' id='line_1_13' title="bbox 285 1866 1327 1935; baseline 0.003 -4"><span class='ocrx_word' id='word_1_94' title='bbox 285 1867 383 1932; x_wconf 83' lang='lat' dir='ltr'><strong>&lt;libus</strong></span> <span class='ocrx_word' id='word_1_95' title='bbox 405 1869 479 1934; x_wconf 85' lang='lat' dir='ltr'><strong>suis</strong></span> <span class='ocrx_word' id='word_1_96' title='bbox 526 1869 575 1933; x_wconf 77' lang='lat' dir='ltr'><strong>Et</strong></span> <span class='ocrx_word' id='word_1_97' title='bbox 601 1869 649 1934; x_wconf 90' lang='lat' dir='ltr'><strong>sic</strong></span> <span class='ocrx_word' id='word_1_98' title='bbox 681 1869 718 1932; x_wconf 95' lang='lat' dir='ltr'><strong>in</strong></span> <span class='ocrx_word' id='word_1_99' title='bbox 752 1867 812 1932; x_wconf 81' lang='lat' dir='ltr'><strong>ills</strong></span> <span class='ocrx_word' id='word_1_100' title='bbox 844 1867 898 1933; x_wconf 90' lang='lat' dir='ltr'><strong>die</strong></span> <span class='ocrx_word' id='word_1_101' title='bbox 928 1866 1007 1935; x_wconf 80' lang='lat' dir='ltr'><strong>fecti</strong></span> <span class='ocrx_word' id='word_1_102' title='bbox 1040 1873 1119 1933; x_wconf 90' lang='lat' dir='ltr'><strong>sunt</strong></span> <span class='ocrx_word' id='word_1_103' title='bbox 1148 1869 1246 1934; x_wconf 84' lang='lat' dir='ltr'><strong>amici</strong></span> <span class='ocrx_word' id='word_1_104' title='bbox 1268 1890 1327 1934; x_wconf 83' lang='lat' dir='ltr'><strong>rex</strong></span> 
     </span>
     <span class='ocr_line' id='line_1_14' title="bbox 287 1960 1449 2057; baseline 0.003 -24"><span class='ocrx_word' id='word_1_105' title='bbox 287 1968 435 2036; x_wconf 84' lang='lat' dir='ltr'><strong>Franciae</strong></span> <span class='ocrx_word' id='word_1_106' title='bbox 469 1976 503 2036; x_wconf 89' lang='lat' dir='ltr'><strong>et</strong></span> <span class='ocrx_word' id='word_1_107' title='bbox 534 1993 594 2037; x_wconf 82' lang='lat' dir='ltr'><strong>rex</strong></span> <span class='ocrx_word' id='word_1_108' title='bbox 616 1969 757 2057; x_wconf 79' lang='lat' dir='ltr'><strong>Angliae,</strong></span> <span class='ocrx_word' id='word_1_109' title='bbox 789 1974 823 2035; x_wconf 92' lang='lat' dir='ltr'><strong>st</strong></span> <span class='ocrx_word' id='word_1_110' title='bbox 854 1990 966 2036; x_wconf 90' lang='lat' dir='ltr'><strong>omnes</strong></span> <span class='ocrx_word' id='word_1_111' title='bbox 996 1970 1231 2036; x_wconf 85' lang='lat' dir='ltr'><strong>conventiones</strong></span> <span class='ocrx_word' id='word_1_112' title='bbox 1253 1970 1328 2036; x_wconf 86' lang='lat' dir='ltr'><strong>illas</strong></span> <span class='ocrx_word' id='word_1_113' title='bbox 1410 1960 1413 1964; x_wconf 37' lang='grc'>“</span> <span class='ocrx_word' id='word_1_114' title='bbox 1444 2021 1449 2036; x_wconf 91' lang='grc'>.</span> 
     </span>
     <span class='ocr_line' id='line_1_15' title="bbox 285 2069 1328 2159; baseline 0.003 -24"><span class='ocrx_word' id='word_1_115' title='bbox 285 2069 350 2136; x_wconf 89' lang='lat' dir='ltr'><strong>fide</strong></span> <span class='ocrx_word' id='word_1_116' title='bbox 373 2077 408 2136; x_wconf 89' lang='lat' dir='ltr'><strong>et</strong></span> <span class='ocrx_word' id='word_1_117' title='bbox 429 2073 642 2137; x_wconf 73' lang='lat' dir='ltr'><strong>sacramentis</strong></span> <span class='ocrx_word' id='word_1_118' title='bbox 673 2072 735 2138; x_wconf 87' lang='lat' dir='ltr'><strong>sub</strong></span> <span class='ocrx_word' id='word_1_119' title='bbox 766 2071 947 2159; x_wconf 85' lang='lat' dir='ltr'><strong>sigillorum</strong></span> <span class='ocrx_word' id='word_1_120' title='bbox 981 2092 1114 2138; x_wconf 88' lang='lat' dir='ltr'><strong>sucrum</strong></span> <span class='ocrx_word' id='word_1_121' title='bbox 1137 2072 1328 2138; x_wconf 82' lang='lat' dir='ltr'><strong>testimonio</strong></span> 
     </span>
    </p>
   </div>
   <div class='ocr_carea' id='block_1_8' title="bbox 285 2173 571 2241">
    <p class='ocr_par' dir='ltr' id='par_1_8' title="bbox 285 2173 571 2241">
     <span class='ocr_line' id='line_1_16' title="bbox 285 2173 571 2241; baseline 0.003 -2"><span class='ocrx_word' id='word_1_122' title='bbox 285 2173 571 2241; x_wconf 84' lang='lat' dir='ltr'><strong>confirmavemnt.</strong></span> 
     </span>
    </p>
   </div>
   <div class='ocr_carea' id='block_1_9' title="bbox 142 2275 1483 2388">
    <p class='ocr_par' dir='ltr' id='par_1_9' title="bbox 142 2275 1483 2388">
     <span class='ocr_line' id='line_1_17' title="bbox 142 2275 1483 2388; baseline 0 -47"><span class='ocrx_word' id='word_1_123' title='bbox 142 2305 235 2388; x_wconf 51' lang='lat' dir='ltr'><strong>‘’em&#39;&#39;</strong></span> <span class='ocrx_word' id='word_1_124' title='bbox 330 2275 375 2341; x_wconf 77' lang='lat' dir='ltr'><strong>lit</strong></span> <span class='ocrx_word' id='word_1_125' title='bbox 406 2276 522 2342; x_wconf 86' lang='lat' dir='ltr'><strong>eodem</strong></span> <span class='ocrx_word' id='word_1_126' title='bbox 555 2296 666 2342; x_wconf 88' lang='lat' dir='ltr'><strong>mense</strong></span> <span class='ocrx_word' id='word_1_127' title='bbox 698 2276 823 2355; x_wconf 77' lang='lat' dir='ltr'><strong>Martii,</strong></span> <span class='ocrx_word' id='word_1_128' title='bbox 862 2277 963 2343; x_wconf 80' lang='lat' dir='ltr'><strong>tertio</strong></span> <span class='ocrx_word' id='word_1_129' title='bbox 999 2276 1160 2343; x_wconf 67' lang='lat' dir='ltr'><strong>kalendas</strong></span> <span class='ocrx_word' id='word_1_130' title='bbox 1191 2276 1318 2365; x_wconf 84' lang='lat' dir='ltr'><strong>Aprilis</strong></span> <span class='ocrx_word' id='word_1_131' title='bbox 1360 2284 1483 2329; x_wconf 69' lang='lat' dir='ltr'><strong>nomes</strong></span> 
     </span>
    </p>
   </div>
   <div class='ocr_carea' id='block_1_10' title="bbox 1318 2329 1491 2388">
    <p class='ocr_par' dir='ltr' id='par_1_10' title="bbox 1318 2329 1491 2388">
     <span class='ocr_line' id='line_1_18' title="bbox 1318 2329 1491 2388; baseline 0 -8"><span class='ocrx_word' id='word_1_132' title='bbox 1318 2329 1325 2354; x_wconf 83' lang='lat'><em>&#39;</em></span> <span class='ocrx_word' id='word_1_133' title='bbox 1339 2333 1416 2388; x_wconf 77' lang='lat' dir='ltr'><strong>Philip</strong></span> <span class='ocrx_word' id='word_1_134' title='bbox 1424 2335 1491 2386; x_wconf 66' lang='lat' dir='ltr'><strong>selles</strong></span> 
     </span>
    </p>
   </div>
   <div class='ocr_carea' id='block_1_11' title="bbox 223 2374 1475 2489">
    <p class='ocr_par' dir='ltr' id='par_1_11' title="bbox 223 2374 1475 2489">
     <span class='ocr_line' id='line_1_19' title="bbox 223 2374 1475 2489; baseline 0.009 -50"><span class='ocrx_word' id='word_1_135' title='bbox 223 2374 231 2389; x_wconf 84' lang='lat'><strong><em>&#39;</em></strong></span> <span class='ocrx_word' id='word_1_136' title='bbox 285 2376 442 2456; x_wconf 85' lang='lat' dir='ltr'><strong>Sabbato,</strong></span> <span class='ocrx_word' id='word_1_137' title='bbox 466 2378 638 2465; x_wconf 88' lang='lat' dir='ltr'><strong>Philippus</strong></span> <span class='ocrx_word' id='word_1_138' title='bbox 670 2399 730 2443; x_wconf 83' lang='lat' dir='ltr'><strong>rex</strong></span> <span class='ocrx_word' id='word_1_139' title='bbox 754 2378 900 2445; x_wconf 79' lang='lat' dir='ltr'><strong>Francius</strong></span> <span class='ocrx_word' id='word_1_140' title='bbox 922 2378 1055 2444; x_wconf 90' lang='lat' dir='ltr'><strong>recessit</strong></span> <span class='ocrx_word' id='word_1_141' title='bbox 1077 2400 1098 2443; x_wconf 85' lang='lat' dir='ltr'><strong>s</strong></span> <span class='ocrx_word' id='word_1_142' title='bbox 1119 2383 1218 2465; x_wconf 89' lang='lat' dir='ltr'><strong>portu</strong></span> <span class='ocrx_word' id='word_1_143' title='bbox 1241 2379 1326 2446; x_wconf 83' lang='lat' dir='ltr'><strong>Mes·</strong></span> <span class='ocrx_word' id='word_1_144' title='bbox 1338 2383 1475 2489; x_wconf 55' lang='lat' dir='ltr'><strong>ffiffi</strong></span> 
     </span>
    </p>
   </div>
   <div class='ocr_carea' id='block_1_12' title="bbox 284 2479 1369 2668">
    <p class='ocr_par' dir='ltr' id='par_1_12' title="bbox 284 2479 1369 2668">
     <span class='ocr_line' id='line_1_20' title="bbox 284 2479 1369 2566; baseline 0.001 -22"><span class='ocrx_word' id='word_1_145' title='bbox 284 2500 373 2546; x_wconf 78' lang='lat' dir='ltr'><strong>sense</strong></span> <span class='ocrx_word' id='word_1_146' title='bbox 395 2501 469 2545; x_wconf 88' lang='lat' dir='ltr'><strong>cum</strong></span> <span class='ocrx_word' id='word_1_147' title='bbox 492 2484 565 2546; x_wconf 86' lang='lat' dir='ltr'><strong>toto</strong></span> <span class='ocrx_word' id='word_1_148' title='bbox 586 2479 720 2566; x_wconf 79' lang='lat' dir='ltr'><strong>navigio</strong></span> <span class='ocrx_word' id='word_1_149' title='bbox 734 2500 815 2560; x_wconf 75' lang='lat' dir='ltr'><strong>suo,</strong></span> <span class='ocrx_word' id='word_1_150' title='bbox 838 2486 873 2545; x_wconf 91' lang='lat' dir='ltr'><strong>et</strong></span> <span class='ocrx_word' id='word_1_151' title='bbox 894 2481 931 2545; x_wconf 94' lang='lat' dir='ltr'><strong>in</strong></span> <span class='ocrx_word' id='word_1_152' title='bbox 948 2480 1102 2545; x_wconf 88' lang='lat' dir='ltr'><strong>vicesima</strong></span> <span class='ocrx_word' id='word_1_153' title='bbox 1116 2479 1258 2545; x_wconf 82' lang='lat' dir='ltr'><strong>secunde</strong></span> <span class='ocrx_word' id='word_1_154' title='bbox 1272 2480 1369 2545; x_wconf 55' lang='lat' dir='ltr'><strong>diest</strong></span> 
     </span>
     <span class='ocr_line' id='line_1_21' title="bbox 284 2579 1327 2668; baseline -0.001 -21"><span class='ocrx_word' id='word_1_155' title='bbox 284 2581 444 2668; x_wconf 84' lang='lat' dir='ltr'><strong>sequenti,</strong></span> <span class='ocrx_word' id='word_1_156' title='bbox 477 2582 600 2648; x_wconf 73' lang='lat' dir='ltr'><strong>scilicet</strong></span> <span class='ocrx_word' id='word_1_157' title='bbox 626 2579 756 2648; x_wconf 85' lang='lat' dir='ltr'><strong>sabbati</strong></span> <span class='ocrx_word' id='word_1_158' title='bbox 778 2581 814 2646; x_wconf 91' lang='lat' dir='ltr'><strong>in</strong></span> <span class='ocrx_word' id='word_1_159' title='bbox 836 2582 1039 2647; x_wconf 78' lang='lat' dir='ltr'><strong>hebdomada</strong></span> <span class='ocrx_word' id='word_1_160' title='bbox 1069 2581 1209 2660; x_wconf 73' lang='lat' dir='ltr'><strong>Paschae,</strong></span> <span class='ocrx_word' id='word_1_161' title='bbox 1233 2583 1327 2647; x_wconf 86' lang='lat' dir='ltr'><strong>venit</strong></span> 
     </span>
    </p>
   </div>
   <div class='ocr_carea' id='block_1_13' title="bbox 286 2683 1128 2771">
    <p class='ocr_par' dir='ltr' id='par_1_13' title="bbox 286 2683 1128 2771">
     <span class='ocr_line' id='line_1_22' title="bbox 286 2683 1128 2771; baseline 0.002 -23"><span class='ocrx_word' id='word_1_162' title='bbox 286 2684 356 2771; x_wconf 87' lang='lat' dir='ltr'><strong>ipse</strong></span> <span class='ocrx_word' id='word_1_163' title='bbox 379 2705 453 2749; x_wconf 90' lang='lat' dir='ltr'><strong>cum</strong></span> <span class='ocrx_word' id='word_1_164' title='bbox 477 2684 625 2750; x_wconf 81' lang='lat' dir='ltr'><strong>exercitu</strong></span> <span class='ocrx_word' id='word_1_165' title='bbox 648 2704 708 2749; x_wconf 89' lang='lat' dir='ltr'><strong>suo</strong></span> <span class='ocrx_word' id='word_1_166' title='bbox 730 2683 1000 2759; x_wconf 79' lang='lat' dir='ltr'><strong>sdobsidionsm</strong></span> <span class='ocrx_word' id='word_1_167' title='bbox 1023 2683 1128 2750; x_wconf 71' lang='lat' dir='ltr'><strong>Aera.</strong></span> 
     </span>
    </p>
   </div>
   <div class='ocr_carea' id='block_1_14' title="bbox 143 2784 1478 3176">
    <p class='ocr_par' dir='ltr' id='par_1_14' title="bbox 143 2784 1478 3176">
     <span class='ocr_line' id='line_1_23' title="bbox 143 2784 1478 2871; baseline -0.003 -21"><span class='ocrx_word' id='word_1_168' title='bbox 143 2820 172 2851; x_wconf 74' lang='lat' dir='ltr'><strong>ov</strong></span> <span class='ocrx_word' id='word_1_169' title='bbox 200 2820 237 2859; x_wconf 70' lang='lat' dir='ltr'><strong>sn.</strong></span> <span class='ocrx_word' id='word_1_170' title='bbox 331 2785 377 2852; x_wconf 83' lang='lat' dir='ltr'><strong>Et</strong></span> <span class='ocrx_word' id='word_1_171' title='bbox 398 2786 513 2852; x_wconf 88' lang='lat' dir='ltr'><strong>eodem</strong></span> <span class='ocrx_word' id='word_1_172' title='bbox 535 2786 589 2852; x_wconf 93' lang='lat' dir='ltr'><strong>die</strong></span> <span class='ocrx_word' id='word_1_173' title='bbox 612 2807 677 2871; x_wconf 91' lang='lat' dir='ltr'><strong>quo</strong></span> <span class='ocrx_word' id='word_1_174' title='bbox 699 2807 759 2851; x_wconf 84' lang='lat' dir='ltr'><strong>rex</strong></span> <span class='ocrx_word' id='word_1_175' title='bbox 789 2784 939 2852; x_wconf 73' lang='lat' dir='ltr'><strong>Francius</strong></span> <span class='ocrx_word' id='word_1_176' title='bbox 960 2807 982 2851; x_wconf 84' lang='lat' dir='ltr'><strong>a</strong></span> <span class='ocrx_word' id='word_1_177' title='bbox 1004 2785 1156 2851; x_wconf 84' lang='lat' dir='ltr'><strong>Messana</strong></span> <span class='ocrx_word' id='word_1_178' title='bbox 1186 2787 1328 2866; x_wconf 85' lang='lat' dir='ltr'><strong>recessit,</strong></span> <span class='ocrx_word' id='word_1_179' title='bbox 1358 2802 1478 2847; x_wconf 69' lang='lat' dir='ltr'><strong>lemnae</strong></span> 
     </span>
     <span class='ocr_line' id='line_1_24' title="bbox 171 2852 1456 2997; baseline -0.003 -43"><span class='ocrx_word' id='word_1_180' title='bbox 171 2871 191 2903; x_wconf 65' lang='lat'><strong>&#39;⁵</strong></span> <span class='ocrx_word' id='word_1_181' title='bbox 287 2888 382 2955; x_wconf 85' lang='lat' dir='ltr'><strong>venit</strong></span> <span class='ocrx_word' id='word_1_182' title='bbox 414 2886 494 2954; x_wconf 90' lang='lat' dir='ltr'><strong>illuc</strong></span> <span class='ocrx_word' id='word_1_183' title='bbox 525 2888 669 2967; x_wconf 86' lang='lat' dir='ltr'><strong>Alienor,</strong></span> <span class='ocrx_word' id='word_1_184' title='bbox 703 2891 809 2953; x_wconf 85' lang='lat' dir='ltr'><strong>mater</strong></span> <span class='ocrx_word' id='word_1_185' title='bbox 840 2888 926 2974; x_wconf 81' lang='lat' dir='ltr'><strong>regis</strong></span> <span class='ocrx_word' id='word_1_186' title='bbox 949 2886 1088 2974; x_wconf 82' lang='lat' dir='ltr'><strong>Angliae,</strong></span> <span class='ocrx_word' id='word_1_187' title='bbox 1123 2891 1157 2952; x_wconf 86' lang='lat' dir='ltr'><strong>et</strong></span> <span class='ocrx_word' id='word_1_188' title='bbox 1187 2886 1329 2952; x_wconf 84' lang='lat' dir='ltr'><strong>adduxit</strong></span> <span class='ocrx_word' id='word_1_189' title='bbox 1338 2852 1445 2996; x_wconf 43' lang='lat' dir='ltr'><strong>iffi·</strong></span> <span class='ocrx_word' id='word_1_190' title='bbox 1446 2956 1456 2997; x_wconf 48' lang='grc' dir='ltr'>ι</span> 
     </span>
     <span class='ocr_line' id='line_1_25' title="bbox 286 2987 1447 3077; baseline -0.004 -21"><span class='ocrx_word' id='word_1_191' title='bbox 286 3011 396 3056; x_wconf 88' lang='lat' dir='ltr'><strong>secum</strong></span> <span class='ocrx_word' id='word_1_192' title='bbox 420 2989 646 3077; x_wconf 85' lang='lat' dir='ltr'><strong>Bereugeram‚</strong></span> <span class='ocrx_word' id='word_1_193' title='bbox 668 2989 772 3054; x_wconf 87' lang='lat' dir='ltr'><strong>filiam</strong></span> <span class='ocrx_word' id='word_1_194' title='bbox 802 2989 890 3075; x_wconf 81' lang='lat' dir='ltr'><strong>regis</strong></span> <span class='ocrx_word' id='word_1_195' title='bbox 912 2987 1067 3066; x_wconf 71' lang='lat' dir='ltr'><strong>Navarae,</strong></span> <span class='ocrx_word' id='word_1_196' title='bbox 1090 3010 1188 3074; x_wconf 87' lang='lat' dir='ltr'><strong>quam</strong></span> <span class='ocrx_word' id='word_1_197' title='bbox 1211 3009 1270 3054; x_wconf 88' lang='lat' dir='ltr'><strong>rex</strong></span> <span class='ocrx_word' id='word_1_198' title='bbox 1292 2988 1328 3052; x_wconf 91' lang='lat' dir='ltr'><strong>in</strong></span> <span class='ocrx_word' id='word_1_199' title='bbox 1340 3003 1447 3051; x_wconf 65' lang='lat' dir='ltr'><strong>nmina</strong></span> 
     </span>
     <span class='ocr_line' id='line_1_26' title="bbox 286 3053 1475 3176; baseline -0.003 -18"><span class='ocrx_word' id='word_1_200' title='bbox 286 3112 423 3158; x_wconf 84' lang='lat' dir='ltr'><strong>uxorem</strong></span> <span class='ocrx_word' id='word_1_201' title='bbox 446 3091 606 3156; x_wconf 85' lang='lat' dir='ltr'><strong>ducturus</strong></span> <span class='ocrx_word' id='word_1_202' title='bbox 629 3097 708 3156; x_wconf 85' lang='lat' dir='ltr'><strong>erat.</strong></span> <span class='ocrx_word' id='word_1_203' title='bbox 754 3090 800 3155; x_wconf 92' lang='lat' dir='ltr'><strong>Et</strong></span> <span class='ocrx_word' id='word_1_204' title='bbox 834 3095 953 3176; x_wconf 83' lang='lat' dir='ltr'><strong>quarta</strong></span> <span class='ocrx_word' id='word_1_205' title='bbox 987 3089 1040 3155; x_wconf 92' lang='lat' dir='ltr'><strong>die</strong></span> <span class='ocrx_word' id='word_1_206' title='bbox 1074 3090 1224 3176; x_wconf 88' lang='lat' dir='ltr'><strong>sequenti</strong></span> <span class='ocrx_word' id='word_1_207' title='bbox 1246 3053 1475 3175; x_wconf 62' lang='lat' dir='ltr'><strong>pre-iiiiii&#39;“&#39;</strong></span> 
     </span>
    </p>
   </div>
   <div class='ocr_carea' id='block_1_15' title="bbox 286 3190 1330 3381">
    <p class='ocr_par' dir='ltr' id='par_1_15' title="bbox 286 3190 1330 3381">
     <span class='ocr_line' id='line_1_27' title="bbox 286 3190 1330 3280; baseline -0.004 -22"><span class='ocrx_word' id='word_1_208' title='bbox 286 3194 377 3258; x_wconf 85' lang='lat' dir='ltr'><strong>dicta</strong></span> <span class='ocrx_word' id='word_1_209' title='bbox 407 3193 522 3280; x_wconf 85' lang='lat' dir='ltr'><strong>regina</strong></span> <span class='ocrx_word' id='word_1_210' title='bbox 555 3192 693 3258; x_wconf 88' lang='lat' dir='ltr'><strong>Alienor</strong></span> <span class='ocrx_word' id='word_1_211' title='bbox 729 3192 862 3258; x_wconf 87' lang='lat' dir='ltr'><strong>recessit</strong></span> <span class='ocrx_word' id='word_1_212' title='bbox 899 3190 977 3257; x_wconf 90' lang='lat' dir='ltr'><strong>inde</strong></span> <span class='ocrx_word' id='word_1_213' title='bbox 1007 3212 1121 3256; x_wconf 88' lang='lat' dir='ltr'><strong>versus</strong></span> <span class='ocrx_word' id='word_1_214' title='bbox 1152 3190 1330 3279; x_wconf 79' lang='lat' dir='ltr'><strong>Angliam,¹</strong></span> 
     </span>
     <span class='ocr_line' id='line_1_28' title="bbox 286 3292 1225 3381; baseline -0.002 -21"><span class='ocrx_word' id='word_1_215' title='bbox 286 3300 321 3360; x_wconf 93' lang='lat' dir='ltr'><strong>et</strong></span> <span class='ocrx_word' id='word_1_216' title='bbox 343 3295 413 3360; x_wconf 84' lang='lat' dir='ltr'><strong>filia</strong></span> <span class='ocrx_word' id='word_1_217' title='bbox 434 3295 521 3381; x_wconf 84' lang='lat' dir='ltr'><strong>regis</strong></span> <span class='ocrx_word' id='word_1_218' title='bbox 544 3294 687 3360; x_wconf 82' lang='lat' dir='ltr'><strong>Navarae</strong></span> <span class='ocrx_word' id='word_1_219' title='bbox 710 3293 871 3358; x_wconf 77' lang='lat' dir='ltr'><strong>remansit</strong></span> <span class='ocrx_word' id='word_1_220' title='bbox 891 3314 966 3358; x_wconf 87' lang='lat' dir='ltr'><strong>cum</strong></span> <span class='ocrx_word' id='word_1_221' title='bbox 987 3312 1064 3378; x_wconf 75' lang='lat' dir='ltr'><strong>rege</strong></span> <span class='ocrx_word' id='word_1_222' title='bbox 1086 3292 1225 3379; x_wconf 78' lang='lat' dir='ltr'><strong>Angliae.</strong></span> 
     </span>
    </p>
   </div>
   <div class='ocr_carea' id='block_1_16' title="bbox 332 3393 1468 3508">
    <p class='ocr_par' dir='ltr' id='par_1_16' title="bbox 332 3393 1468 3508">
     <span class='ocr_line' id='line_1_29' title="bbox 332 3393 1468 3508; baseline -0.003 -47"><span class='ocrx_word' id='word_1_223' title='bbox 332 3395 445 3462; x_wconf 86' lang='lat' dir='ltr'><strong>Mense</strong></span> <span class='ocrx_word' id='word_1_224' title='bbox 479 3396 614 3483; x_wconf 84' lang='lat' dir='ltr'><strong>Aprilis,</strong></span> <span class='ocrx_word' id='word_1_225' title='bbox 646 3400 766 3482; x_wconf 78' lang='lat' dir='ltr'><strong>quarto</strong></span> <span class='ocrx_word' id='word_1_226' title='bbox 797 3394 874 3459; x_wconf 87' lang='lat' dir='ltr'><strong>idus</strong></span> <span class='ocrx_word' id='word_1_227' title='bbox 906 3394 1051 3481; x_wconf 87' lang='lat' dir='ltr'><strong>ejusdem</strong></span> <span class='ocrx_word' id='word_1_228' title='bbox 1086 3394 1216 3475; x_wconf 85' lang='lat' dir='ltr'><strong>mensis,</strong></span> <span class='ocrx_word' id='word_1_229' title='bbox 1248 3393 1330 3461; x_wconf 80' lang='lat' dir='ltr'><strong>feria</strong></span> <span class='ocrx_word' id='word_1_230' title='bbox 1340 3413 1468 3508; x_wconf 51' lang='lat' dir='ltr'><strong>nmo</strong></span> 
     </span>
    </p>
   </div>
   <div class='ocr_carea' id='block_1_17' title="bbox 211 3494 1495 3889">
    <p class='ocr_par' dir='ltr' id='par_1_17' title="bbox 211 3494 1495 3889">
     <span class='ocr_line' id='line_1_30' title="bbox 211 3494 1495 3585; baseline -0.002 -22"><span class='ocrx_word' id='word_1_231' title='bbox 211 3551 216 3563; x_wconf 94' lang='lat'>.</span> <span class='ocrx_word' id='word_1_232' title='bbox 286 3506 415 3585; x_wconf 87' lang='lat' dir='ltr'><strong>quarta,</strong></span> <span class='ocrx_word' id='word_1_233' title='bbox 431 3497 584 3564; x_wconf 83' lang='lat' dir='ltr'><strong>Clemens</strong></span> <span class='ocrx_word' id='word_1_234' title='bbox 598 3518 684 3584; x_wconf 81' lang='lat' dir='ltr'><strong>pepe</strong></span> <span class='ocrx_word' id='word_1_235' title='bbox 698 3497 820 3562; x_wconf 86' lang='lat' dir='ltr'><strong>tertius</strong></span> <span class='ocrx_word' id='word_1_236' title='bbox 835 3494 928 3574; x_wconf 91' lang='lat' dir='ltr'><strong>obiit,</strong></span> <span class='ocrx_word' id='word_1_237' title='bbox 944 3502 980 3561; x_wconf 89' lang='lat' dir='ltr'><strong>et</strong></span> <span class='ocrx_word' id='word_1_238' title='bbox 994 3496 1108 3561; x_wconf 87' lang='lat' dir='ltr'><strong>eodem</strong></span> <span class='ocrx_word' id='word_1_239' title='bbox 1123 3495 1176 3561; x_wconf 91' lang='lat' dir='ltr'><strong>dis</strong></span> <span class='ocrx_word' id='word_1_240' title='bbox 1199 3496 1223 3562; x_wconf 89' lang='lat' dir='ltr'><strong>J</strong></span> <span class='ocrx_word' id='word_1_241' title='bbox 1223 3497 1329 3562; x_wconf 89' lang='lat' dir='ltr'><strong>acinc-</strong></span> <span class='ocrx_word' id='word_1_242' title='bbox 1340 3515 1495 3560; x_wconf 68' lang='lat' dir='ltr'><strong>crementur.</strong></span> 
     </span>
     <span class='ocr_line' id='line_1_31' title="bbox 289 3596 1330 3680; baseline -0.007 -10"><span class='ocrx_word' id='word_1_243' title='bbox 289 3597 367 3680; x_wconf 69' lang='lat' dir='ltr'><strong>tus,2</strong></span> <span class='ocrx_word' id='word_1_244' title='bbox 389 3600 523 3665; x_wconf 79' lang='lat' dir='ltr'><strong>natione</strong></span> <span class='ocrx_word' id='word_1_245' title='bbox 548 3600 716 3664; x_wconf 75' lang='lat' dir='ltr'><strong>Romanus</strong></span> <span class='ocrx_word' id='word_1_246' title='bbox 737 3602 773 3664; x_wconf 85' lang='lat' dir='ltr'><strong>st</strong></span> <span class='ocrx_word' id='word_1_247' title='bbox 796 3597 955 3665; x_wconf 78' lang='lat' dir='ltr'><strong>Romsnse</strong></span> <span class='ocrx_word' id='word_1_248' title='bbox 977 3596 1119 3663; x_wconf 72' lang='lat' dir='ltr'><strong>ecclesiae</strong></span> <span class='ocrx_word' id='word_1_249' title='bbox 1146 3597 1330 3676; x_wconf 84' lang='lat' dir='ltr'><strong>cardinalis,</strong></span> 
     </span>
     <span class='ocr_line' id='line_1_32' title="bbox 288 3688 1329 3788; baseline -0.004 -20"><span class='ocrx_word' id='word_1_250' title='bbox 288 3688 411 3769; x_wconf 86' lang='lat' dir='ltr'><strong>electus</strong></span> <span class='ocrx_word' id='word_1_251' title='bbox 433 3707 483 3767; x_wconf 88' lang='lat' dir='ltr'><strong>est</strong></span> <span class='ocrx_word' id='word_1_252' title='bbox 505 3702 541 3766; x_wconf 91' lang='lat' dir='ltr'><strong>in</strong></span> <span class='ocrx_word' id='word_1_253' title='bbox 563 3721 681 3788; x_wconf 83' lang='lat' dir='ltr'><strong>papsm</strong></span> <span class='ocrx_word' id='word_1_254' title='bbox 703 3720 762 3786; x_wconf 89' lang='lat' dir='ltr'><strong>per</strong></span> <span class='ocrx_word' id='word_1_255' title='bbox 783 3719 987 3765; x_wconf 87' lang='lat' dir='ltr'><strong>communem</strong></span> <span class='ocrx_word' id='word_1_256' title='bbox 1011 3697 1227 3764; x_wconf 72' lang='lat' dir='ltr'><strong>cardinalium</strong></span> <span class='ocrx_word' id='word_1_257' title='bbox 1250 3698 1329 3764; x_wconf 88' lang='lat' dir='ltr'><strong>elec-</strong></span> 
     </span>
     <span class='ocr_line' id='line_1_33' title="bbox 288 3800 1329 3889; baseline -0.003 -19"><span class='ocrx_word' id='word_1_258' title='bbox 288 3806 424 3884; x_wconf 88' lang='lat' dir='ltr'><strong>tionem,</strong></span> <span class='ocrx_word' id='word_1_259' title='bbox 448 3808 483 3868; x_wconf 89' lang='lat' dir='ltr'><strong>et</strong></span> <span class='ocrx_word' id='word_1_260' title='bbox 505 3803 540 3868; x_wconf 92' lang='lat' dir='ltr'><strong>in</strong></span> <span class='ocrx_word' id='word_1_261' title='bbox 563 3801 681 3889; x_wconf 82' lang='lat' dir='ltr'><strong>vigilia</strong></span> <span class='ocrx_word' id='word_1_262' title='bbox 703 3801 836 3867; x_wconf 86' lang='lat' dir='ltr'><strong>Pascbae</strong></span> <span class='ocrx_word' id='word_1_263' title='bbox 871 3800 1042 3866; x_wconf 85' lang='lat' dir='ltr'><strong>ordinatus</strong></span> <span class='ocrx_word' id='word_1_264' title='bbox 1064 3800 1099 3864; x_wconf 93' lang='lat' dir='ltr'><strong>in</strong></span> <span class='ocrx_word' id='word_1_265' title='bbox 1122 3801 1329 3868; x_wconf 86' lang='lat' dir='ltr'><strong>sacerdotem.</strong></span> 
     </span>
    </p>
   </div>
   <div class='ocr_carea' id='block_1_18' title="bbox 290 3901 1471 4012">
    <p class='ocr_par' dir='ltr' id='par_1_18' title="bbox 290 3901 1471 4012">
     <span class='ocr_line' id='line_1_34' title="bbox 290 3901 1471 4012; baseline -0.009 -40"><span class='ocrx_word' id='word_1_266' title='bbox 290 3907 336 3972; x_wconf 86' lang='lat' dir='ltr'><strong>Et</strong></span> <span class='ocrx_word' id='word_1_267' title='bbox 366 3906 402 3970; x_wconf 95' lang='lat' dir='ltr'><strong>in</strong></span> <span class='ocrx_word' id='word_1_268' title='bbox 435 3905 506 3990; x_wconf 87' lang='lat' dir='ltr'><strong>ipso</strong></span> <span class='ocrx_word' id='word_1_269' title='bbox 529 3904 582 3969; x_wconf 91' lang='lat' dir='ltr'><strong>die</strong></span> <span class='ocrx_word' id='word_1_270' title='bbox 605 3903 739 3970; x_wconf 84' lang='lat' dir='ltr'><strong>Paschae</strong></span> <span class='ocrx_word' id='word_1_271' title='bbox 773 3902 899 3983; x_wconf 90' lang='lat' dir='ltr'><strong>statim,</strong></span> <span class='ocrx_word' id='word_1_272' title='bbox 935 3924 1008 3987; x_wconf 84' lang='lat' dir='ltr'><strong>quae</strong></span> <span class='ocrx_word' id='word_1_273' title='bbox 1040 3901 1471 4012; x_wconf 50' lang='lat' dir='ltr'><strong>xviii9.kalsndssc¹e1m</strong></span> 
     </span>
    </p>
   </div>
   <div class='ocr_carea' id='block_1_19' title="bbox 292 3968 1494 4114">
    <p class='ocr_par' dir='ltr' id='par_1_19' title="bbox 292 3968 1494 4114">
     <span class='ocr_line' id='line_1_35' title="bbox 292 3968 1494 4114; baseline -0.011 -41"><span class='ocrx_word' id='word_1_274' title='bbox 292 4007 374 4073; x_wconf 87' lang='lat' dir='ltr'><strong>llaii</strong></span> <span class='ocrx_word' id='word_1_275' title='bbox 411 4006 532 4085; x_wconf 87' lang='lat' dir='ltr'><strong>evenit,</strong></span> <span class='ocrx_word' id='word_1_276' title='bbox 569 4003 719 4092; x_wconf 80' lang='lat' dir='ltr'><strong>pontifex</strong></span> <span class='ocrx_word' id='word_1_277' title='bbox 758 4005 925 4072; x_wconf 81' lang='lat' dir='ltr'><strong>Romanm</strong></span> <span class='ocrx_word' id='word_1_278' title='bbox 963 4010 1013 4068; x_wconf 89' lang='lat' dir='ltr'><strong>est</strong></span> <span class='ocrx_word' id='word_1_279' title='bbox 1050 4009 1265 4080; x_wconf 87' lang='lat' dir='ltr'><strong>consecratus,</strong></span> <span class='ocrx_word' id='word_1_280' title='bbox 1296 3968 1494 4114; x_wconf 42' lang='lat' dir='ltr'><strong>eti-piisimo</strong></span> 
     </span>
    </p>
   </div>
   <div class='ocr_carea' id='block_1_20' title="bbox 292 4218 1399 4544">
    <p class='ocr_par' dir='ltr' id='par_1_20' title="bbox 292 4218 1399 4544">
     <span class='ocr_line' id='line_1_36' title="bbox 324 4218 1399 4304; baseline -0.003 -13"><span class='ocrx_word' id='word_1_281' title='bbox 324 4241 331 4274; x_wconf 88' lang='lat'>¹</span> <span class='ocrx_word' id='word_1_282' title='bbox 342 4242 463 4292; x_wconf 78' lang='lat' dir='ltr'><strong>Horeden</strong></span> <span class='ocrx_word' id='word_1_283' title='bbox 470 4240 613 4291; x_wconf 80' lang='lat' dir='ltr'><strong>herestetee</strong></span> <span class='ocrx_word' id='word_1_284' title='bbox 619 4218 791 4290; x_wconf 68' lang='lat' dir='ltr'><strong>lhetBleenor</strong></span> <span class='ocrx_word' id='word_1_285' title='bbox 867 4237 878 4271; x_wconf 84' lang='lat'>²</span> <span class='ocrx_word' id='word_1_286' title='bbox 888 4237 1019 4304; x_wconf 76' lang='lat' dir='ltr'><strong>Hyacinth</strong></span> <span class='ocrx_word' id='word_1_287' title='bbox 1026 4237 1225 4299; x_wconf 63' lang='lat' dir='ltr'><strong>sensuum-1</strong></span> <span class='ocrx_word' id='word_1_288' title='bbox 1235 4239 1330 4289; x_wconf 82' lang='lat' dir='ltr'><strong>deseon</strong></span> <span class='ocrx_word' id='word_1_289' title='bbox 1396 4227 1399 4231; x_wconf 53' lang='grc'><em>’</em></span> 
     </span>
     <span class='ocr_line' id='line_1_37' title="bbox 292 4316 1330 4383; baseline -0.006 -11"><span class='ocrx_word' id='word_1_290' title='bbox 292 4321 411 4372; x_wconf 82' lang='lat' dir='ltr'><strong>returned</strong></span> <span class='ocrx_word' id='word_1_291' title='bbox 421 4321 455 4383; x_wconf 77' lang='lat' dir='ltr'><strong>by</strong></span> <span class='ocrx_word' id='word_1_292' title='bbox 467 4334 523 4382; x_wconf 74' lang='lat' dir='ltr'><strong>wey</strong></span> <span class='ocrx_word' id='word_1_293' title='bbox 534 4318 564 4368; x_wconf 77' lang='lat' dir='ltr'><strong>oi</strong></span> <span class='ocrx_word' id='word_1_294' title='bbox 574 4318 664 4379; x_wconf 86' lang='lat' dir='ltr'><strong>Rome,</strong></span> <span class='ocrx_word' id='word_1_295' title='bbox 675 4318 726 4369; x_wconf 90' lang='lat' dir='ltr'><strong>end</strong></span> <span class='ocrx_word' id='word_1_296' title='bbox 737 4332 792 4369; x_wconf 85' lang='lat' dir='ltr'><strong>cer·</strong></span> <span class='ocrx_word' id='word_1_297' title='bbox 835 4317 866 4368; x_wconf 78' lang='lat' dir='ltr'><strong>ci</strong></span> <span class='ocrx_word' id='word_1_298' title='bbox 878 4316 903 4368; x_wconf 61' lang='lat' dir='ltr'>R</span> <span class='ocrx_word' id='word_1_299' title='bbox 914 4317 991 4382; x_wconf 69' lang='lat' dir='ltr'><strong>usq</strong></span> <span class='ocrx_word' id='word_1_300' title='bbox 1002 4316 1028 4366; x_wconf 91' lang='lat' dir='ltr'><strong>in</strong></span> <span class='ocrx_word' id='word_1_301' title='bbox 1040 4317 1175 4370; x_wconf 80' lang='lat' dir='ltr'><strong>cosmedin</strong></span> <span class='ocrx_word' id='word_1_302' title='bbox 1188 4316 1254 4368; x_wconf 80' lang='lat' dir='ltr'><strong>from</strong></span> <span class='ocrx_word' id='word_1_303' title='bbox 1268 4322 1330 4367; x_wconf 82' lang='grc'><strong>1144</strong></span> 
     </span>
     <span class='ocr_line' id='line_1_38' title="bbox 292 4394 1332 4463; baseline -0.007 -12"><span class='ocrx_word' id='word_1_304' title='bbox 292 4400 346 4451; x_wconf 85' lang='lat' dir='ltr'><strong>ried</strong></span> <span class='ocrx_word' id='word_1_305' title='bbox 358 4415 373 4449; x_wconf 90' lang='lat' dir='ltr'><strong>e</strong></span> <span class='ocrx_word' id='word_1_306' title='bbox 384 4412 497 4463; x_wconf 63' lang='lat' dir='ltr'><strong>mange</strong></span> <span class='ocrx_word' id='word_1_307' title='bbox 509 4397 575 4448; x_wconf 78' lang='lat' dir='ltr'><strong>from</strong></span> <span class='ocrx_word' id='word_1_308' title='bbox 586 4397 697 4449; x_wconf 81' lang='lat' dir='ltr'><strong>Bieherd</strong></span> <span class='ocrx_word' id='word_1_309' title='bbox 711 4405 740 4454; x_wconf 82' lang='lat' dir='ltr'><strong>to</strong></span> <span class='ocrx_word' id='word_1_310' title='bbox 749 4396 793 4447; x_wconf 79' lang='lat' dir='ltr'><strong>the</strong></span> <span class='ocrx_word' id='word_1_311' title='bbox 837 4404 863 4446; x_wconf 80' lang='lat' dir='ltr'><strong>to</strong></span> <span class='ocrx_word' id='word_1_312' title='bbox 881 4400 963 4456; x_wconf 63' lang='lat'><strong>1191,</strong></span> <span class='ocrx_word' id='word_1_313' title='bbox 984 4410 1055 4460; x_wconf 83' lang='lat' dir='ltr'><strong>pope,</strong></span> <span class='ocrx_word' id='word_1_314' title='bbox 1077 4411 1106 4445; x_wconf 84' lang='lat' dir='ltr'><strong>ae</strong></span> <span class='ocrx_word' id='word_1_315' title='bbox 1128 4394 1251 4447; x_wconf 68' lang='lat' dir='ltr'><strong>cele-tine</strong></span> <span class='ocrx_word' id='word_1_316' title='bbox 1274 4395 1332 4453; x_wconf 85' lang='lat'>111..</span> 
     </span>
     <span class='ocr_line' id='line_1_39' title="bbox 298 4474 990 4544; baseline -0.004 -17"><span class='ocrx_word' id='word_1_317' title='bbox 298 4494 362 4544; x_wconf 84' lang='lat' dir='ltr'><strong>pope</strong></span> <span class='ocrx_word' id='word_1_318' title='bbox 372 4485 400 4527; x_wconf 84' lang='lat' dir='ltr'><strong>to</strong></span> <span class='ocrx_word' id='word_1_319' title='bbox 411 4484 515 4541; x_wconf 78' lang='lat' dir='ltr'><strong>prevent</strong></span> <span class='ocrx_word' id='word_1_320' title='bbox 526 4476 569 4527; x_wconf 84' lang='lat' dir='ltr'><strong>the</strong></span> <span class='ocrx_word' id='word_1_321' title='bbox 579 4475 751 4527; x_wconf 74' lang='lat' dir='ltr'><strong>conscentias</strong></span> <span class='ocrx_word' id='word_1_322' title='bbox 767 4474 796 4526; x_wconf 80' lang='lat' dir='ltr'><strong>ci</strong></span> <span class='ocrx_word' id='word_1_323' title='bbox 839 4479 990 4525; x_wconf 73' lang='grc'><strong>1191-1198.</strong></span> 
     </span>
    </p>
   </div>
   <div class='ocr_carea' id='block_1_21' title="bbox 297 4554 1200 4705">
    <p class='ocr_par' dir='ltr' id='par_1_21' title="bbox 297 4554 1200 4705">
     <span class='ocr_line' id='line_1_40' title="bbox 297 4554 618 4635; baseline -0.016 -25"><span class='ocrx_word' id='word_1_324' title='bbox 297 4557 416 4621; x_wconf 74' lang='lat' dir='ltr'><strong>seomey</strong></span> <span class='ocrx_word' id='word_1_325' title='bbox 427 4556 491 4606; x_wconf 80' lang='lat' dir='ltr'><strong>elect</strong></span> <span class='ocrx_word' id='word_1_326' title='bbox 501 4554 531 4605; x_wconf 78' lang='lat' dir='ltr'><strong>of</strong></span> <span class='ocrx_word' id='word_1_327' title='bbox 538 4555 618 4635; x_wconf 64' lang='lat' dir='ltr'><strong>soen</strong></span> 
     </span>
     <span class='ocr_line' id='line_1_41' title="bbox 384 4649 1200 4705; baseline -0.006 -2"><span class='ocrx_word' id='word_1_328' title='bbox 384 4654 460 4705; x_wconf 78' lang='lat' dir='ltr'>VOL.</span> <span class='ocrx_word' id='word_1_329' title='bbox 484 4653 519 4703; x_wconf 89' lang='lat'><strong>11.</strong></span> <span class='ocrx_word' id='word_1_330' title='bbox 1179 4649 1200 4698; x_wconf 88' lang='lat'><strong>1.</strong></span> 
     </span>
    </p>
   </div>
   <div class='ocr_carea' id='block_1_22' title="bbox 0 0 1651 5476">
    <p class='ocr_par' dir='ltr' id='par_1_22' title="bbox 0 0 1651 5476">
     <span class='ocr_line' id='line_1_42' title="bbox 0 0 1651 5476; baseline 0 0"><span class='ocrx_word' id='word_1_331' title='bbox 0 0 1651 5476; x_wconf 95' lang='lat' dir='ltr'><strong> </strong></span> 
     </span>
    </p>
   </div>
  </div>
 </body>
</html>
