3270 5476
332 591 397 657 186
741 601 846 655 essm
867 604 969 655 smus

178 797 299 844 semu.
329 802 442 848 omnes
475 780 583 869 persti
616 784 726 848 essent
759 780 853 868 sequi
884 802 960 847 eum
986 799 1066 846 cum
1087 777 1180 866 equis
1201 782 1236 846 et
1266 779 1375 857 ermis,

330 884 459 951 dicebat
481 882 571 950 enim
594 905 628 949 se
650 883 777 950 iturum
801 883 982 950 Scnlonsm.

181 1020 300 1074 mr
374 985 502 1067 Quarta
533 985 588 1052 die
619 986 742 1078 mensis
775 986 929 1074 Augusti,
957 983 1118 1052 Ricnrdus
1149 1005 1209 1052 rex
1243 984 1375 1073 Angliae

160 1083 311 1180 mm
330 1110 442 1172 omnes
464 1087 655 1178 sagittarios
687 1087 853 1156 exereitus
873 1087 988 1155 venire
1018 1110 1128 1156 corum
1158 1109 1197 1153 ec
1230 1086 1376 1167 feritet

161 1185 287 1281 {ffihffin
328 1191 397 1279 ipse
412 1192 506 1259 dedit
528 1192 575 1259 eis
596 1191 684 1258 bone
698 1191 865 1280 stipendis
876 1215 886 1273 ;
908 1196 944 1258 et
965 1190 1147 1258 multitudo
1169 1211 1281 1257 eorum
1304 1194 1376 1255 eret

327 1294 410 1362 eden
439 1315 561 1383 magne
592 1293 682 1382 quod
718 1293 819 1361 timor
855 1293 1076 1382 apprehendit
1109 1291 1305 1360 Sslsdinum
1341 1295 1377 1358 et

179 1518 269 1572 serm
277 1523 297 1564 s.
327 1401 508 1580 aggii?
518 1419 611 1566 (ἔξω
595 1499 715 1567 mensis
730 1499 885 1588 Augusti,
900 1507 961 1566 rex
975 1498 1107 1586 Angliae
1128 1519 1187 1587 per
1201 1497 1373 1566 consilium
1385 1521 1506 1580 nomem,

160 1582 261 1676 §iffi
328 1602 514 1691 principum
544 1603 708 1669 exercitus
740 1603 833 1669 misit
867 1602 1058 1669 Hubertum
1092 1601 1232 1669 walteri
1266 1600 1372 1668 Seles-
1383 1577 1502 1672 {w

160 1681 316 1827 giiii&
328 1703 503 1786 biriensem
525 1702 735 1793 episcopnm¹
757 1705 801 1770 sd
822 1704 993 1771 civitatem
1013 1704 1104 1791 Tyri,
1118 1709 1253 1792 propter
1274 1677 1485 1792 pege-'m'

160 1783 305 1888 trinit&
327 1828 388 1874 nos
422 1830 504 1895 quos
537 1830 597 1874 rex
632 1807 781 1875 Francia
803 1828 913 1874 secum
946 1806 1141 1887 sbduxerst,
1164 1812 1205 1872 ut
1226 1806 1301 1872 illos
1330 1806 1374 1873 ed

326 1910 509 1977 exercitum
530 1910 710 1978 reduceret
756 1909 837 1977 Dies
868 1909 957 1977 enim
987 1909 1226 1998 peremptorius
1258 1930 1374 1996 apprc-

326 2013 510 2100 pinquebat
532 2013 568 2079 in
590 2034 655 2101 quo
677 2011 743 2101 ipsi
757 2012 910 2100 perficere
932 2010 1099 2078 debebunt
1120 2010 1374 2079 conventionem

327 2136 426 2201 quam
457 2114 602 2182 fecerent
632 2136 707 2181 cum
737 2113 871 2202 regibus
903 2112 1051 2180 B'rnnciae
1083 2118 1118 2180 et
1149 2113 1290 2201 Angliae,
1313 2134 1373 2201 pro

325 2217 399 2284 vite
421 2223 456 2284 et
486 2217 644 2284 membris
674 2215 845 2295 habendis,
869 2221 904 2282 et
937 2238 998 2304 pro
1019 2216 1175 2283 libertate
1204 2215 1374 2294 redeundi,

326 2319 405 2406 quie
426 2319 498 2386 sine
519 2319 588 2385 illis
610 2340 678 2406 pnx
700 2319 773 2385 fieri
802 2339 870 2385 non
894 2318 1015 2406 potuit
1061 2318 1128 2400 Qui
1150 2341 1225 2384 cum
1247 2317 1374 2404 Tyrum

326 2422 479 2501 venisset,
502 2444 570 2488 non
599 2421 732 2488 invenit
760 2442 870 2509 regem
894 2420 1042 2488 Fiuncise
1063 2421 1120 2488 ibi
1142 2420 1257 2487 Tertie
1285 2420 1374 2486 enim

326 2524 381 2590 die
404 2524 602 2612 precedenti
623 2523 701 2591 inde
730 2527 917 2605 recesserat,
939 2523 1033 2590 etin
1054 2523 1206 2590 custodie
1229 2522 1374 2590 Conradi

327 2626 497 2694 dimiserat
541 2625 714 2715 praedictcs
750 2648 903 2715 pegenos
963 2623 1063 2693 Dixit
1105 2646 1183 2712 ergo
1221 2625 1373 2692 Oomudo

327 2728 572 2796 Selesbin'ensis
594 2730 765 2818 episcopus
787 2749 920 2796 ceussun
941 2728 1106 2795 adventus
1130 2728 1191 2809 sui,
1215 2733 1249 2794 et
1274 2728 1373 2815 petiit

327 2853 369 2897 ex
402 2836 497 2919 perte
529 2831 616 2920 regis
644 2830 776 2919 Anglise
805 2836 841 2897 et
872 2830 1059 2919 principum
1090 2830 1261 2907 exercitus,
1284 2829 1370 2916 quod

194 2968 215 3000 ο.
223 2958 260 3002 1⁷0
268 2963 297 3001 ιο.
326 2934 397 3021 ipse
430 2955 506 3000 cum
531 2933 743 3000 festinatione
776 2933 923 3001 venisset
954 2932 1000 2999 ed
1033 2934 1144 3022 regem
1173 2932 1314 3020 Angliae,
1338 2937 1373 2999 et

327 3035 477 3103 duxisset
507 3056 617 3102 secum
647 3034 822 3102 Kemecois
854 3040 890 3102 et
919 3040 1055 3103 caeteros
1076 3055 1223 3124 paganos
1252 3056 1371 3102 omnes

159 3159 290 3205 mmmm
328 3138 392 3205 Oui
426 3137 598 3205 Comedus
628 3137 809 3228 respondit,
835 3137 937 3204 “Rex
960 3137 1094 3226 Anglioe
1128 3136 1257 3204 nullum
1289 3137 1373 3204 mihi

159 3209 316 3256 nuestcsend

159 3261 230 3307 suen
328 3245 345 3275 “
368 3239 530 3324 tradidit3
552 3260 613 3306 nec
635 3261 696 3327 ege
718 3239 762 3306 ed
784 3238 880 3306 illum
902 3239 967 3318 ibo,
983 3261 1043 3307 nec
1064 3239 1208 3327 ediquem
1229 3261 1374 3329 pagene-

328 3347 346 3379 “
367 3365 442 3409 rum
463 3341 507 3409 ed
529 3341 623 3408 iilum
645 3341 807 3409 mittsm”

178 3463 295 3519 secuse
370 3445 475 3512 Sexte
507 3445 562 3511 die
596 3444 717 3511 mensis
748 3445 895 3534 Augusti
928 3445 1098 3534 episcopus
1127 3444 1372 3513 Snlesbiriensis

159 3525 255 3630 dm
326 3568 452 3615 moram
485 3547 563 3613 foere
596 3547 684 3637 apud
716 3547 841 3636 symm
873 3547 1101 3637 inrogatione
1125 3547 1190 3615 uu.
1235 3549 1372 3616 Poene

158 3625 315 3723 idm.
329 3671 406 3717 vero
427 3648 482 3716 die
495 3649 591 3718 venit
612 3649 733 3729 Aenon,
753 3654 789 3718 et
810 3648 961 3717 nmvie
981 3651 1052 3739 regi
1072 3650 1206 3738 Angliae
1226 3651 1370 3739 primum

158 3726 265 3830 Q*
327 3758 460 3834 secreto,
492 3752 612 3820 deinde
645 3751 798 3819 omnibus
828 3751 1032 3841 principibus
1065 3753 1238 3833 exercitus,
1260 3755 1371 3821 omnin

156 3809 277 3881 *um
327 3876 402 3942 quae
424 3855 556 3921 videret
577 3860 612 3922 et
633 3855 784 3922 audierat
804 3876 826 3920 e
839 3854 1015 3937 Conmd03
1035 3857 1123 3923 unde
1145 3877 1205 3923 rex
1226 3862 1261 3923 et
1281 3858 1371 3946 prin·

326 3958 414 4046 cipes
436 3957 532 4025 valde
555 3957 721 4046 indignati
742 3963 829 4025 suut
874 3957 967 4025 Tunc
996 3979 1057 4025 rex
1081 3959 1138 4038 eit,
1162 3959 1313 4026 “Remus
1334 3965 1370 4028 et

327 4069 346 4096 “
367 4060 581 4146 vindicemus
601 4060 638 4127 in
671 4059 839 4150 petjurum
869 4059 963 4128 illum
993 4059 1131 4148 injurius
1164 4083 1244 4149 ques
1273 4063 1369 4130 nobis

356 4368 365 4404 ¹
383 4367 432 4424 We
442 4368 513 4423 leem
524 4369 590 4422 nem
600 4370 643 4423 the
657 4369 828 4435 Itinerertnm,
862 4374 913 4424 sud
923 4371 999 4426 Peter
1010 4374 1053 4426 des
1064 4373 1174 4439 Priuer,
1191 4378 1368 4445 secempsnied

325 4456 382 4516 242,
402 4451 457 4503 thet
478 4451 575 4504 Rebert
591 4458 668 4503 count
687 4450 717 4503 et
731 4449 828 4515 nem,
861 4452 905 4505 tue
919 4452 1010 4522 bishop
1027 4454 1057 4506 ot
1070 4455 1206 4526 Sslisbury.
