3270 5476
718 684 871 738 arenam
1254 669 1318 743 23⁷

274 857 427 925 oomitsm
450 856 636 938 Meretonii,
654 858 726 945 jam
756 865 912 948 paratum
943 858 1155 928 transfretare
1185 862 1227 928 de
1249 861 1319 929 An·
1347 863 1469 911 ³1³·ssss

273 960 342 1048 glis
363 961 400 1027 in
422 960 663 1029 Normanniam
686 961 951 1050 adloquendum
973 984 1049 1029 eum
1070 984 1148 1052 rege
1162 963 1319 1033 Franoiae.
1332 927 1472 1046 sffi'

277 1063 324 1127 At
354 1068 461 1129 meter
493 1063 564 1150 ejus
594 1068 630 1131 et
652 1062 819 1130 Walterus
851 1063 1127 1152 Rothomagensie
1159 1045 1459 1156 archiepi-“m

274 1185 399 1251 eropus,
422 1169 457 1230 et
478 1165 590 1232 ooeteri
607 1165 784 1252 justitiarii
806 1165 949 1254 Anglite,
971 1166 1215 1253 prohibuerunt
1244 1191 1320 1236 eum

275 1288 318 1335 ex
339 1271 435 1355 parte
456 1267 542 1355 regis
563 1267 696 1356 Angiise
718 1273 753 1335 et
785 1289 853 1347 sua,
875 1289 917 1334 ne
948 1267 1019 1356 ipse
1050 1270 1319 1352 tramfretasset;

242 1435 243 1438 ,
275 1369 421 1437 dieentes
442 1369 531 1457 qnod
564 1369 593 1436 si
625 1370 696 1459 ipse
730 1370 984 1449 transfretasset,
1008 1371 1072 1459 ipsi
1101 1373 1257 1441 saisirent
1282 1375 1319 1440 in

276 1492 378 1540 manu
399 1471 486 1559 regis
519 1493 632 1539 omnes
664 1477 770 1540 terres
803 1478 838 1539 et
859 1471 993 1540 castello
1014 1495 1081 1540 sua
1127 1475 1192 1543 His
1214 1476 1320 1564 igitur
1333 1495 1453 1549 nem

275 1578 311 1641 et
332 1573 406 1641 aliis
431 1573 548 1640 matris
570 1595 638 1642 suae
660 1575 796 1641 monitis
820 1574 991 1642 «Iohannes
1013 1598 1119 1644 eomes
1142 1577 1320 1646 iteretonii

275 1675 459 1763 seqnievit3
489 1681 524 1743 et
546 1676 737 1765 postpositis
767 1676 854 1766 regis
877 1677 1025 1747 Franciae
1046 1679 1223 1761 mandatis,
1246 1703 1320 1770 pro·

276 1779 420 1868 positum
441 1800 537 1845 sunm
560 1779 708 1847 mutavit
728 1778 766 1845 in
787 1779 913 1848 melius

320 1878 448 1948 Deinde
470 1881 608 1948 Alienon
629 1887 736 1948 mater
756 1880 852 1970 regis,
873 1886 909 1949 et
930 1882 998 1949 fere
1021 1905 1134 1951 omnes
1156 1884 1321 1974 principes
1333 1913 1473 1960 mm.

276 1988 311 2049 et
333 1988 502 2072 magnetes
516 1983 656 2072 anglie,
671 1989 836 2050 venerunt
850 1984 1049 2067 Lundonias,
1068 1992 1104 2053 et
1121 1987 1321 2074 juraverunt
1332 1965 1464 2111 ᾖξ’

275 2086 346 2174 regi
368 2086 502 2176 nngne
534 2092 571 2154 et
601 2085 725 2155 neren
758 2107 817 2155 suo
849 2086 1030 2156 fidentes
1060 2095 1176 2157 tonna
1208 2111 1321 2158 omne
1377 2064 1442 2113 Μ

276 2188 432 2256 homines

322 2289 472 2379 eumque
493 2313 553 2359 rex
576 2290 725 2360 Franeioe
753 2291 892 2359 vidisset
913 2292 1001 2380 qnod
1024 2293 1193 2361 Jobannee
1215 2315 1322 2362 eomes
1333 2321 1479 2369 enema

278 2392 455 2462 Meretonii
485 2393 595 2461 noluit
617 2394 733 2462 venire
766 2392 809 2459 ad
840 2416 925 2472 eum,
948 2394 1059 2462 voluit
1080 2395 1321 2464 Normsnniam
1333 2372 1460 2468 iffi

277 2495 445 2565 hostiliter
465 2496 644 2578 invadere3
666 2496 725 2564 sed
747 2495 871 2563 milites
893 2497 987 2584 regni
1008 2498 1061 2563 sui
1083 2498 1264 2567 noluerunt
1284 2473 1457 2580 ini-isi*

277 2599 339 2666 hoo
371 2599 564 2681 eonsentire,
588 2599 733 2667 dieentes
766 2598 856 2686 quod
886 2599 951 2688 ipsi
985 2600 1104 2667 fierent
1137 2601 1262 2688 perjuri
1292 2602 1321 2669 si

276 2702 340 2790 ipsi
361 2722 513 2791 guerram
527 2699 680 2770 feoiment
701 2701 740 2768 in
761 2708 883 2769 terram
905 2701 992 2789 regis
1007 2702 1148 2792 Angliae,
1163 2705 1321 2792 quamdiu
1355 2726 1467 2773 reme.

276 2809 362 2870 esset
383 2804 420 2870 in
442 2804 580 2872 servitio
602 2803 674 2871 Dei.

320 2906 384 2995 Die
414 2911 527 2974 autem
560 2904 807 2973 Purifioationis
838 2905 952 2973 Beatae
985 2906 1109 2987 Mariae,
1142 2909 1321 2996 praedictus
1367 2941 1449 2989 ηιμ,

275 3007 489 3076 Eboraoensis
503 3007 765 3097 sr'ehiepiroopos
786 3008 908 3074 iterum
931 3011 1231 3078 exeommunieavit
1248 3012 1321 3080 Hu-
1332 3005 1475 3112 &w

274 3133 394 3200 gonem
408 3111 663 3178 Dunelmensem
685 3111 883 3197 episeopum,
899 3109 979 3198 quio
997 3111 1028 3177 si
1051 3111 1182 3188 obedire
1196 3113 1320 3198 noluit3
1332 3109 1484 3214 aeffl

274 3214 428 3280 similiter
449 3218 486 3280 et
507 3234 621 3312 pmnes
649 3218 720 3279 tem
750 3211 882 3279 elerioos
911 3234 1011 3299 quam
1034 3212 1135 3280 teioos
1157 3215 1215 3302 qui
1245 3207 1468 3313 ΜΨ

273 3315 332 3382 itio
357 3314 595 3381 manduearent
609 3318 679 3380 ant
699 3312 864 3394 biberent,
886 3319 947 3380 ant
975 3313 1026 3379 illi
1055 3315 1183 3403 aliquid
1204 3318 1320 3385 vendi·

274 3418 393 3499 derint,
408 3422 471 3484 aut
490 3417 527 3483 in
541 3414 693 3483 domibus
708 3414 776 3482 eois
791 3436 866 3484 eom
888 3416 1079 3504 reciperent,
1094 3424 1154 3485 aut
1175 3418 1319 3508 aliquam

274 3519 605 3588 eommunioationem
642 3539 717 3584 enm
754 3539 793 3585 eo
829 3516 998 3585 haberent.
1059 3518 1106 3586 Et
1149 3521 1204 3590 in
1231 3522 1320 3590 huno

273 3622 408 3690 modum
434 3621 514 3688 feeit
542 3620 638 3687 illum
664 3619 949 3698 exeommunieari,
972 3621 1085 3687 eodem
1117 3621 1173 3689 die
1198 3621 1318 3691 Purifi-

274 3725 421 3803 oationis,
445 3745 505 3811 per
538 3744 652 3790 omnes
682 3720 833 3789 eoelesiae
865 3721 1004 3788 dioensis
1036 3744 1114 3805 eure,
1136 3725 1174 3789 in
1198 3726 1318 3812 quibua

273 3829 470 3915 potestatem
501 3825 653 3891 habebnt.
699 3823 766 3891 Sed
797 3823 954 3911 praefstus
985 3824 1217 3893 Dunelmensis
1249 3830 1319 3916 epi·
1332 3860 1403 3917 nega
1411 3873 1464 3908 m·

272 3948 388 4017 seopus
420 3927 458 3993 in
487 3926 580 3993 nullo
612 3924 735 3992 detuiit
766 3925 941 3992 sententie
963 3925 1036 4006 illi;
1069 3927 1126 3993 sed
1149 3928 1256 3995 multa
1277 3915 1457 4008 uem

273 4030 451 4098 videbatur
484 4028 701 4117 prosperitate
732 4026 889 4115 gaudens,
920 4028 1060 4115 parabet
1097 4050 1132 4095 se
1169 4029 1213 4096 ad
1244 4052 1319 4118 pro-

273 4131 475 4221 sequendum
512 4129 767 4218 appeliationem
804 4150 898 4196 suam
936 4150 1035 4217 quem
1072 4131 1116 4196 sd
1153 4153 1318 4198 summum

273 4234 461 4322 pontifleem
505 4232 636 4311 fecerat,
680 4235 797 4299 eones
840 4231 1034 4321 prsedietum
1081 4232 1318 4303 Eboreoeneem

272 4336 560 4428 arehiepisoopurn.

318 4439 365 4506 Et
390 4439 463 4525 jam
494 4459 569 4505 oum
601 4441 734 4525 tempos
764 4435 991 4523 proteisoendi
1022 4436 1170 4519 instaret,
1204 4439 1430 4527 reginem

275 4543 413 4609 Alienor
449 4544 485 4607 et
514 4538 789 4628 Rothemagensis
824 4537 1085 4627 ambiepisoopns
1120 4525 1461 4611 consorano-m

275 4650 357 4714 runt
377 4648 565 4736 utrumque,
583 4641 709 4709 scilieet
723 4639 960 4708 Eborsoensem
983 4641 1260 4735 arehiepiseopnm
1282 4647 1318 4710 et
1329 4618 1404 4662 Μ
