3270 5476
92 839 210 892 nereum.

92 894 210 945 mul.
286 925 294 941 .

703 647 857 708 1110111111.
1064 674 1068 680 ·
1245 647 1307 710 141

304 821 427 891 Eodem
458 847 556 906 anno,
590 826 765 914 plusquam
799 831 933 894 eentum
966 827 1072 892 millia
1104 850 1308 917 paganorum
1339 849 1461 895 smum.

261 947 408 993 vuorum
429 948 468 993 eo
488 927 675 1006 mulierum,
696 928 755 1015 qui
778 929 815 993 in
837 948 939 1016 regno
962 928 1083 996 Siciliae
1105 935 1201 995 erunt
1220 931 1309 996 servi
1321 913 1459 1017 iffi,

260 1027 419 1094 willemi
441 1029 529 1116 rega
544 1029 674 1108 sicile,
688 1035 764 1117 poa
786 1035 928 1097 mortem
951 1029 1022 1116 ejus
1039 1029 1208 1118 indignati
1230 1012 1473 1108 summa,

259 1130 384 1195 servire
420 1130 490 1218 regi
522 1130 700 1208 Tanoredo,
730 1137 804 1197 tum
841 1131 921 1217 quia
956 1152 1015 1197 rex
1052 1132 1310 1198 Alamannorum
1322 1113 1464 1209 mi„

260 1230 480 1298 eulumniatus
500 1236 551 1298 est
579 1253 718 1320 ragnum
741 1232 873 1313 Siciliae,
894 1235 968 1298 tum
991 1233 1070 1318 quia
1091 1254 1151 1299 rex
1175 1233 1309 1322 angliae

260 1333 432 1400 infestavit
457 1355 566 1421 regem
589 1334 816 1400 Tanaredum:
844 1339 880 1400 et
908 1334 1062 1401 abierunt
1090 1335 1128 1400 in
1152 1341 1312 1402 montana

260 1456 336 1501 oum
358 1435 559 1514 mulieribus,
574 1456 649 1501 oum
671 1435 749 1501 filiis
770 1440 806 1502 et
827 1434 959 1501 filiabus
980 1440 1016 1501 et
1039 1436 1209 1522 peooribns
1232 1439 1309 1517 suia,

260 1541 296 1602 et
309 1535 546 1603 habitaverunt
560 1536 617 1615 ibi,
632 1542 667 1604 et
681 1536 789 1603 malta
804 1535 922 1624 [mela]
938 1536 1088 1603 feeerunt
1103 1538 1310 1608 christianin

261 1638 325 1704 Sed
348 1660 424 1705 oum
446 1639 616 1705 audissent
638 1638 728 1724 quod
749 1660 817 1726 pax
838 1643 873 1706 et
894 1639 1004 1704 finalis
1030 1641 1204 1707 oonoordia
1225 1646 1312 1708 esset
1324 1653 1481 1750 fflgffit

261 1740 350 1806 inter
379 1761 490 1828 regem
520 1740 652 1827 Angliae
686 1744 721 1806 et
750 1761 861 1828 regem
893 1739 1106 1822 Teneredum,
1141 1741 1312 1810 redierunt
1463 1737 1470 1749 ’

260 1842 298 1906 in
328 1841 526 1909 servitutem
549 1840 729 1922 Tanaredi;
762 1846 798 1908 et
826 1840 914 1907 datis
935 1842 968 1908 ei
997 1842 1168 1910 obsidibus
1190 1845 1313 1912 reversi

263 1948 343 2011 sunt
363 1943 401 2008 in
416 1943 528 2009 domos
550 1964 635 2020 suas,
649 1943 793 2010 uolentes
815 1947 938 2010 terrem
961 1944 1048 2010 siout
1065 1953 1312 2013 consueverant.

142 2073 162 2157 'e
206 2093 213 2112 .
300 2046 430 2112 Deinde
452 2053 527 2133 poet
548 2067 711 2112 reoesaum
734 2044 1005 2122 Alamannorum,
1021 2045 1183 2112 Rioardus
1205 2069 1313 2114 eomes
1327 2058 1483 2111 morlu-

1326 2108 1378 2152 urla
1386 2110 1457 2154 taken

135 2143 169 2157 ''
263 2147 305 2214 de
332 2146 460 2224 Cerne,1
481 2146 584 2212 frater
605 2147 722 2212 uxoris
750 2146 838 2234 regis
860 2146 1029 2225 Tanos-edi,
1053 2169 1246 2235 oongmssus
1277 2151 1314 2215 in
1327 2159 1438 2211 nmm-

263 2251 349 2318 bello
382 2272 458 2317 oum
490 2250 610 2318 eomite
645 2251 773 2337 Rogero
802 2248 845 2315 de
876 2249 1015 2329 Andria,
1050 2253 1139 2340 oepit
1169 2275 1244 2319 eum
1279 2260 1314 2320 et

264 2351 406 2419 tradidit
427 2352 497 2439 regi
519 2351 695 2418 Tanoredo.

309 2453 434 2519 Eodem
456 2474 553 2530 enno,
570 2453 702 2539 Sibylla
718 2451 834 2539 regina
850 2451 1046 2532 Jerusalem,
1062 2475 1148 2520 uxor
1166 2454 1315 2521 Widonia
1328 2475 1485 2522 numeram

136 2529 172 2563 ‘⁸
207 2547 213 2561 '
263 2556 359 2644 regis,
380 2560 416 2621 et
445 2554 520 2621 dure
541 2554 621 2622 filiae
643 2555 721 2640 ejus,
744 2550 922 2621 obierunt¹
952 2556 988 2620 in
1013 2555 1185 2624 obsidione
1207 2529 1466 2625 Acraelffldn.

266 2658 395 2739 Quibus
417 2656 589 2735 defunctis,
606 2656 781 2722 Conradue
803 2655 951 2721 marohio
974 2655 1016 2722 de
1040 2656 1236 2725 Muuferrad
1258 2660 1316 2726 ab

265 2758 363 2825 atulit
384 2756 535 2823 Amfiido
561 2757 616 2824 del
638 2757 754 2822 Turun
775 2777 913 2823 uxorem
935 2779 1038 2836 suam,
1061 2780 1204 2826 sororem
1234 2783 1318 2849 prae·

266 2862 366 2927 diotae
387 2859 525 2946 Sibyllae
550 2859 673 2946 reginre
695 2858 882 2925 Jerusalem
904 2863 940 2925 et
961 2858 1125 2927 haemdem
1147 2861 1256 2929 illius:
1281 2870 1317 2930 et

266 2984 325 3050 per
347 2951 519 3028 eonsilium
544 2961 666 3028 matris
689 2959 838 3026 mulieris
863 2959 962 3040 illius,
985 2967 1021 3026 et
1053 2982 1112 3047 per
1143 2964 1316 3031 eonsilium
1328 2979 1471 3077 dm&

267 3063 414 3130 Heraclii
446 3062 652 3152 patriarchae,
688 3066 723 3128 et
761 3061 903 3127 aliorum
939 3062 1157 3148 quorundam,
1191 3063 1316 3132 laetum

267 3171 318 3233 est
351 3166 534 3232 divortium
564 3165 654 3231 inter
686 3164 793 3251 ipsam
824 3167 860 3230 et
882 3162 1106 3249 Amphridum
1136 3165 1178 3231 de
1200 3166 1317 3233 'l'urun

267 3269 424 3335 maritum
446 3267 525 3355 ejus
570 3267 635 3332 Ille
648 3288 727 3333 vero
749 3270 826 3354 post
847 3264 1039 3344 divortium,
1063 3287 1123 3353 per
1143 3268 1316 3335 eonsilium
1331 3297 1448 3344 nemu.

268 3371 415 3438 omnium
439 3370 620 3458 primatum
649 3373 747 3435 terrm
769 3366 869 3447 illius,
893 3367 974 3433 data
996 3372 1049 3432 est
1078 3367 1142 3454 ipsi
1165 3369 1318 3437 Conrado
1329 3349 1458 3444 m&

267 3470 450 3538 marchioni
480 3470 518 3536 in
540 3492 701 3537 uxorem:
732 3469 929 3556 quistatim
962 3469 1063 3554 petiit
1093 3470 1158 3536 sibi
1180 3493 1319 3561 regnum
1331 3448 1477 3496 mm

267 3572 573 3640 Jeroaolimitsnum
604 3572 739 3639 eonoedi
771 3593 793 3636 a
824 3569 983 3658 praedicto
1008 3570 1198 3658 patriarcha
1231 3578 1268 3641 et
1298 3597 1320 3641 a

302 3820 311 3854 ¹
328 3819 436 3887 Sibylla,
452 3818 496 3870 the
515 3818 574 3868 vile
595 3818 628 3868 of
645 3817 771 3879 Tanared,
816 3814 1018 3868 oommnniesled
1049 3815 1094 3868 abe
1121 3819 1193 3885 royal
1221 3821 1319 3886 eenole,

269 3896 483 3964 mammaea
500 3896 531 3948 oi
546 3897 731 3949 eonntRobert
744 3896 776 3948 oi
815 3895 875 3946 died
896 3894 998 3960 (itiner.
1016 3895 1048 3946 B.
1065 3895 1098 3948 R.
1120 3901 1180 3959 ¹²23
1198 3898 1320 3963 (lm,

270 3979 377 4030 lm..
821 3975 905 4038 1166).
939 3973 979 4024 Aa
1001 3973 1045 4025 abe
1064 3974 1225 4027 lainersrium
1243 3978 1320 4041 RB,

303 4056 315 4090 ²
332 4055 433 4122 Srbylla
450 4055 499 4105 aad
518 4054 564 4105 ber
581 4054 695 4105 children
712 4053 771 4104 died
782 4073 785 4079 ·
817 4059 894 4103 nme·
904 4052 960 4102 abra
970 4051 1014 4103 the
1024 4061 1126 4117 aptare
1137 4054 1168 4104 of
1183 4055 1226 4106 the
1236 4057 1320 4108 bntler

270 4136 356 4188 before
368 4137 425 4186 Oet
436 4141 477 4196 2¹,
492 4140 555 4192 11110
567 4134 645 4199 (Epp.
653 4133 771 4185 centur.
816 4131 849 4183 of
856 4130 939 4184 Senlis
950 4131 1011 4181 took
1022 4131 1093 4196 pleae
1103 4147 1137 4182 on
1147 4135 1191 4184 the
1202 4135 1319 4201 weddiug

271 4217 344 4280 319),
355 4215 406 4265 sud
425 4213 469 4264 the
487 4213 612 4278 mnrisge
628 4213 659 4262 of
671 4211 773 4263 conrsd
817 4211 875 4276 day,
898 4210 949 4260 and
971 4208 1113 4262 Mausolus
1143 4211 1173 4262 of
1196 4213 1319 4266 Florenoe

272 4290 773 4358 undinbellsmprobablyeelebrrted
817 4288 1095 4354 pheeetbrteventon
1114 4290 1157 4340 the
1173 4305 1281 4342 morrov
1292 4293 1323 4342 ol

271 4372 461 4440 bytbebbhop
477 4371 506 4424 ol
521 4368 773 4422 numa-metae
818 4367 981 4429 §.clement
999 4383 1037 4419 ve
1055 4369 1242 4434 msy,1tlrlnk,
1258 4386 1319 4422 oon·

274 4453 334 4504 19111
353 4450 382 4503 ol
397 4451 548 4512 November,
568 4465 602 4501 on
620 4448 706 4499 which
722 4449 773 4513 day
818 4447 892 4498 elude
903 4445 1012 4497 tbsttbe
1028 4447 1153 4513 mrmhge
1170 4447 1230 4500 took
1247 4449 1319 4514 plree

272 4529 423 4596 erebblsbop
442 4528 569 4593 Baldvin,
586 4528 645 4581 vhe
660 4527 712 4580 bad
728 4541 773 4578 ex·
818 4540 852 4576 on
862 4524 929 4578 Nor.
941 4530 982 4576 24.
