3270 5476
689 636 841 688 urceum.
1220 624 1283 688 185

239 814 316 881 dere
337 813 508 880 civitatem
540 834 633 878 suam
666 811 872 893 Parisiuasi
903 810 1023 898 aliquis
1046 831 1118 877 eam
1148 809 1286 876 invasis·
1313 819 1435 921 tslffl·

74 1043 190 1098 uem
240 922 413 1084 seblleinde
429 1039 488 1084 rex
504 1017 653 1088 maneta
668 1015 845 1084 constituit
859 1017 1039 1103 Hugonem
1061 1015 1178 1081 ducem
1200 1000 1452 1118 Bur-ffilpffl

71 1099 177 1143 ’Μ’
239 1120 375 1209 gundiae
406 1119 585 1207 prinoipem
619 1118 781 1185 exercitus
812 1118 865 1184 sui
896 1118 959 1184 sub
991 1138 1067 1204 rege
1089 1116 1229 1205 Angliae,
1251 1120 1286 1181 et
1296 1122 1453 1219 {imis-um*

240 1222 382 1288 tradidit
405 1219 614 1287 Raimnndo¹
638 1221 780 1309 principi
803 1219 992 1286 Antiochiae
1015 1224 1149 1285 centum
1163 1218 1285 1284 milites
1297 1221 1446 1319 iiim³

241 1334 276 1395 ct
305 1328 503 1415 quingentos
539 1326 721 1393 servientes
756 1325 802 1392 ed
839 1325 1080 1392 defendendum
1116 1303 1287 1392 civit'atcrn
1298 1328 1441 1420 ΜΨ

242 1429 430 1496 Antiochia
459 1433 576 1495 contra
606 1450 778 1516 paganos3
811 1427 964 1494 similiter
985 1450 1045 1493 rex
1068 1427 1198 1513 Angliae
1221 1431 1289 1492 tra·

244 1532 333 1598 didit
371 1531 476 1598 eidem
514 1531 656 1619 principi
693 1529 881 1596 Antiochiae
918 1535 1051 1596 centum
1090 1529 1214 1595 milites
1254 1532 1289 1594 et

243 1636 446 1722 quingentos
469 1634 651 1701 servientes
683 1633 727 1698 ed
759 1631 981 1698 defensionem
1007 1638 1103 1699 terrae
1135 1653 1224 1712 suae3
1255 1634 1291 1696 et

244 1736 339 1803 dedit
369 1736 546 1822 unicuique
579 1733 713 1801 illorum
739 1739 848 1799 totam
869 1732 1101 1799 liberationem
1130 1754 1225 1802 suom
1246 1732 1289 1797 ab

243 1837 302 1905 illo
324 1838 379 1905 die
401 1836 570 1923 usquead
602 1836 730 1902 Pascha
758 1836 910 1923 proximo
936 1839 1124 1914 venturum,
1150 1840 1186 1916 et
1214 1855 1291 1901 con·

243 1939 356 2006 stituit
391 1938 575 2005 Robertum
605 1938 646 2004 de
672 1937 791 2018 Quinci
813 1937 1095 2003 constabularium
1117 1941 1153 2003 ot
1175 1937 1290 2003 ducem

245 2040 387 2107 illorum.
438 2040 604 2107 Praeterea
625 2061 685 2106 rcx
710 2038 840 2127 Angliae
863 2039 957 2106 dedit
971 2039 1130 2126 praedicto
1152 2039 1292 2127 principi

247 2141 435 2209 Antiochia
468 2142 615 2229 quinque
647 2163 751 2208 naves
788 2162 925 2229 magnus
962 2146 1098 2208 onustas
1126 2142 1219 2229 equis
1256 2147 1291 2207 et

246 2244 347 2310 ormis
369 2249 403 2310 et
427 2243 636 2311 victualibus.

188 2398 196 2418 .
288 2345 464 2411 Tricesima
495 2346 549 2412 die
579 2345 701 2412 mensis
722 2344 818 2426 Julii,
842 2344 1016 2434 Philippus
1047 2367 1107 2412 rex
1142 2346 1290 2413 Franciae
1335 2358 1430 2412 Juliu-

115 2429 150 2463 '⁸
245 2454 279 2516 ct
302 2447 464 2515 Ricardus
496 2468 556 2514 rex
578 2447 710 2535 Angliae
732 2447 849 2535 partiti
882 2453 962 2513 sunt
983 2449 1073 2514 inter
1094 2470 1149 2514 eos
1178 2470 1290 2515 omnes
1301 2424 1438 2529 mv

244 2570 391 2638 paganos
413 2550 471 2637 qui
492 2550 580 2638 capti
603 2550 735 2617 fueraut
757 2551 793 2615 in
814 2551 952 2616 civitate
973 2550 1077 2618 Acrae.
1301 2539 1386 2572 ’Μ

291 2665 469 2730 Tricesimn
490 2663 597 2752 primu
618 2664 672 2730 die
694 2664 816 2731 mensis
837 2664 931 2741 Julii,
950 2664 1074 2731 scilicet
1096 2665 1215 2731 ultima
1236 2664 1290 2731 die
1334 2671 1431 2724 Juliu-

246 2766 392 2853 ejusdem
424 2766 554 2844 mensis,
576 2765 661 2832 festo
692 2765 808 2832 Sancti
842 2765 1007 2846 Germani,
1031 2766 1203 2854 Philippus
1231 2788 1290 2833 rex
1301 2734 1457 2829 mitit

247 2867 396 2935 Francia
418 2867 599 2954 assumpsit
619 2888 729 2934 secum
744 2867 915 2934 Manasser
936 2867 1123 2957 episcopum
1145 2868 1187 2935 de
1210 2836 1367 2935 Lon-Tm

246 2966 337 3057 μὴ’
350 2975 385 3035 ct
400 2968 620 3056 Regiualdnm
642 2969 830 3056 episcopum
845 2968 1089 3051 carnotensem,
1105 2975 1140 3036 et
1154 2971 1291 3036 Petrum

247 3071 400 3138 comitem
423 3070 464 3137 dc
486 3070 634 3137 Neverr:
668 3075 704 3136 et
732 3070 817 3137 obiit
839 3070 965 3158 Tyrum
986 3071 1153 3138 adducens
1182 3093 1289 3138 secum

248 3170 423 3239 Karmcoia
445 3177 481 3238 et
502 3193 615 3240 omnes
636 3172 718 3238 alios
747 3193 890 3260 paganos
919 3173 977 3260 qui
1003 3173 1095 3240 illum
1121 3175 1276 3262 continge

247 3274 353 3354 bunt3
383 3278 419 3340 et
451 3295 527 3340 cum
558 3273 636 3340 inde
669 3274 851 3342 manner
881 3275 1022 3341 tradidit
1042 3275 1118 3342 illos
1139 3276 1291 3343 Conrado

250 3375 431 3442 Marchioni
452 3373 703 3442 custodiendos.³

293 3477 406 3543 Prima
443 3477 497 3543 dic
530 3476 651 3542 mensis
684 3476 840 3564 Augusti,
874 3483 910 3543 et
942 3479 1086 3545 secunda
1117 3484 1153 3545 et
1181 3481 1290 3559 tertia,
1308 3490 1451 3554 imit

119 3543 156 3578 '⁸
189 3561 196 3577 '
250 3578 413 3646 marona
434 3600 495 3644 rex
517 3578 658 3665 Angliae,
681 3578 797 3645 naua
825 3580 960 3646 oonsilio
990 3603 1064 3646 eum
1089 3582 1292 3670 principibus
1303 3564 1453 3662 mm„

249 3680 421 3758 exercitus,
443 3680 521 3746 lecit
553 3680 589 3746 in
622 3680 764 3746 navibus
797 3701 917 3768 ponere
951 3704 1062 3748 omnes
1084 3683 1236 3771 perariss,
1258 3662 1452 3772 mm

249 3783 329 3848 alias
359 3781 528 3848 machinas
564 3803 639 3847 suns
669 3781 828 3863 bellicas;
866 3788 902 3849 et
939 3805 1051 3850 omues
1088 3807 1189 3852 naves
1218 3809 1294 3854 suos

249 3906 383 3951 onerare
406 3884 485 3950 fecit
505 3884 680 3964 immerito,
695 3884 776 3949 vino
798 3891 832 3950 et
853 3885 934 3964 oleo,
948 3893 983 3953 et
1005 3887 1079 3953 aliis
1101 3909 1174 3975 quie
1196 3897 1296 3955 erant

249 3986 430 4054 necessaria
463 3986 652 4053 hominibus
682 3991 718 4053 ct
748 3987 849 4073 equis.
894 3986 1051 4075 Feoitque
1082 3991 1227 4057 edictum
1253 3997 1294 4058 ut

283 4278 292 4312 ¹
310 4277 463 4343 minuo]
482 4277 631 4329 Boii-ond
641 4276 691 4327 111.
771 4314 775 4365 Ι
796 4280 813 4305 “
830 4277 1052 4345 Francina'l'yro
1069 4282 1178 4341 recessit,
1192 4285 1293 4335 tradens

282 4356 293 4390 ²
310 4358 450 4419 Mannum,
463 4361 526 4408 1179
539 4370 568 4407 οι·
580 4360 737 4406 nso-1192.
770 4374 774 4464 Ι
797 4362 812 4385 “
830 4356 947 4408 Conrado
958 4358 1101 4410 Marchioni
1113 4376 1200 4412 omnes
1216 4377 1292 4428 paga·

282 4431 434 4487 'Horedeu
456 4435 516 4487 berc
543 4436 614 4495 adds,
636 4434 749 4486 “Tertia
771 4498 773 4505 Ι
797 4437 811 4462 ⁸⁴
827 4437 980 4488 nosrnosin
992 4438 1129 4489 custodia.”

255 4522 270 4548 ¹⁶
286 4531 345 4568 roro
372 4516 415 4566 die
441 4515 535 4566 mensis
563 4514 673 4579 Augusti
715 4529 747 4565 cx
770 4515 774 4563 ἒ
