3270 5476
342 679 386 743 94
750 690 859 744 ussus
881 691 984 744 unsre

193 883 314 928 numm.
341 885 401 930 rex
422 865 586 931 modicum
602 863 746 931 habebat
768 864 964 945 exereitum,
980 866 1101 952 pagani
1116 868 1174 951 qui
1197 867 1233 932 in
1254 866 1392 934 civitate
1403 871 1528 970 gfff

177 936 305 1052 affl
341 967 436 1032 Aerae
458 972 561 1045 erant,
585 987 652 1031 non
683 967 872 1032 clauserunt
894 973 1006 1053 portos
1037 968 1193 1046 civitatis,
1221 989 1327 1055 neque
1350 968 1392 1035 de
1519 955 1524 965 ’

176 1049 241 1094 ³⁰¹⁰*
343 1067 396 1133 die
418 1089 523 1155 neque
552 1068 594 1135 de
622 1071 727 1146 noete,
750 1067 808 1134 sed
842 1067 940 1134 ibant
974 1073 1008 1133 et
1040 1069 1295 1136 revertebantur
1316 1091 1391 1136 oum

343 1171 472 1236 camelis
493 1169 569 1251 suis,
594 1169 801 1266 attrahentes
815 1169 863 1236 eis
878 1169 1039 1235 victualia
1062 1176 1097 1235 et
1119 1171 1184 1236 alia
1199 1193 1274 1259 quae
1296 1178 1393 1238 erant

177 1294 312 1439 &iii
342 1270 1392 1460 {lmsilltttttfflltftltlttlt

344 1476 513 1562 episeopus
535 1474 744 1541 Belveoansis
765 1473 867 1540 freter
888 1473 968 1559 ejus,
991 1481 1025 1540 et
1047 1495 1153 1540 eomes
1175 1475 1332 1541 Airaldus
1350 1476 1390 1542 de

344 1575 489 1653 Breues,n
511 1587 545 1641 et
567 1575 672 1642 Jakes
694 1575 736 1642 de
758 1573 933 1652 Avennis,⁸
956 1580 991 1641 et
1013 1575 1071 1640 alii
1092 1575 1192 1640 multi
1219 1597 1293 1642 eum
1316 1575 1392 1654 illis,

344 1678 385 1742 de
415 1697 553 1763 quorum
587 1678 736 1744 adventu
759 1697 820 1742 rex
850 1677 965 1761 etqui
995 1697 1069 1742 cum
1100 1697 1137 1743 eo
1160 1684 1257 1743 erant
1286 1677 1392 1764 gavisi

344 1784 424 1843 sunt
446 1777 568 1865 gaudio
593 1799 723 1864 magno.

389 1879 530 1945 Interim
553 1878 729 1944 Saladinus
752 1897 873 1965 megno
904 1884 1103 1965 congregato
1126 1879 1275 1945 exercitu
1298 1880 1527 1995 milgg'ffil’

291 2018 297 2030 ·
345 2001 444 2067 prope
477 1980 659 2046 exereitum
683 1978 956 2057 Christianorum,
978 1985 1013 2044 et
1042 1979 1208 2045 commisit
1237 2001 1311 2046 oum
1345 1981 1392 2047 eis
1504 1982 1511 1996 “

344 2082 494 2168 praelium
515 2081 596 2148 seria
625 2087 742 2168 quarta
771 2084 847 2168 post
869 2080 988 2146 festum
1019 2081 1134 2146 Sancti
1157 2080 1327 2148 Michaelis
1356 2082 1393 2146 in

344 2183 482 2269 planitie
504 2189 583 2248 ante
612 2183 742 2262 Acrem,
765 2182 853 2247 inter
875 2182 996 2248 Aerem
1019 2187 1054 2248 et
1077 2181 1192 2248 Oasale
1216 2183 1393 2270 Episcopi3

344 2286 380 2348 in
403 2305 468 2370 quo
497 2283 610 2370 praelio
635 2282 811 2349 Saladinus
840 2282 1019 2360 consectus,
1039 2291 1089 2349 eat
1112 2288 1146 2348 et
1175 2283 1321 2370 fugatus,
1343 2285 1394 2349 ita

344 2386 432 2470 quod
447 2384 516 2471 ipse
539 2384 650 2450 omnia
671 2383 818 2450 tentoria
839 2383 974 2469 reliquit
999 2382 1208 2461 Christianis,
1223 2390 1258 2451 et
1280 2384 1394 2450 amisit

345 2486 385 2550 de
407 2485 598 2551 melioribus
611 2485 742 2551 milities
763 2505 832 2551 suae
855 2489 982 2570 partem
1007 2506 1129 2564 unam3
1150 2485 1208 2550 aed
1230 2491 1266 2551 et
1282 2485 1393 2552 Ohn's·

344 2586 431 2652 tiani
452 2607 606 2672 magnam
620 2591 749 2671 partem
770 2604 905 2651 suorum
919 2585 1141 2672 perdiderunt
1181 2585 1301 2652 Postea
1315 2607 1394 2651 vero

345 2687 521 2752 Saladinus
541 2686 748 2774 recuperavit
762 2707 860 2773 super
873 2691 1006 2774 gentem
1022 2684 1246 2752 Christianam
1261 2692 1395 2774 propter

344 2793 477 2875 peoeata
497 2809 617 2864 eorum
648 2786 698 2853 ite
727 2786 817 2873 quod
842 2787 1010 2872 usquead
1043 2792 1152 2852 eastra
1177 2809 1238 2853 sua
1270 2787 1393 2875 repulsi

179 2908 324 2959 menemus
343 2897 428 2955 sunt.
475 2890 520 2954 Et
550 2887 709 2954 Girardus
740 2887 781 2953 de
805 2885 978 2953 Rideafor⁴
999 2887 1156 2974 magister
1189 2888 1324 2974 Templi,
1359 2892 1394 2954 et

179 2959 326 3058 umisa
344 2987 551 3056 marescallus
572 2987 700 3075 Templi
722 3009 797 3054 oum
818 2986 978 3053 fratribus
992 2986 1064 3053 fere
1082 2988 1314 3076 duodeviginti
1336 2990 1394 3076 qui

204 3070 235 3102 ἰ
345 3092 470 3178 optime
484 3111 519 3157 se
533 3090 775 3167 continuerant,
788 3087 836 3154 ibi
850 3088 1018 3155 interfecti
1041 3088 1187 3156 fuerunt
1225 3090 1272 3156 Et
1293 3091 1393 3156 aliam

345 3193 525 3257 emiserunt
548 3188 730 3258 Christiani
759 3189 913 3255 militiam
944 3188 1114 3275 usquead
1143 3190 1267 3257 milites
1289 3191 1393 3278 quad·

344 3294 478 3381 raginta
499 3297 534 3359 et
563 3296 695 3360 eentum
727 3290 915 3378 'lureoplos
961 3289 1140 3357 Saladinus
1169 3311 1249 3357 vero
1279 3294 1393 3360 amisit

345 3395 393 3461 ibi
422 3394 678 3482 primogenitum
708 3413 804 3459 suum
835 3390 1027 3470 Mirasalim,
1056 3396 1092 3458 et
1120 3397 1275 3479 nepotem
1296 3415 1394 3460 suum

345 3495 543 3573 Tekehedin,
566 3502 600 3562 et
619 3493 765 3583 Migebal
786 3490 1000 3560 aeneeoallum
1021 3512 1128 3572 suum,
1144 3497 1180 3559 ot
1194 3499 1329 3562 enteros
1352 3495 1394 3562 de

347 3598 536 3664 melioribus
564 3597 695 3663 militiae
723 3616 801 3676 suae,
823 3599 859 3661 et
888 3595 1012 3661 multos
1036 3594 1118 3660 alios
1152 3614 1293 3681 quorum
1326 3618 1394 3662 non

298 3749 304 3763 .
346 3705 419 3766 erat
440 3720 602 3766 numerus
649 3697 747 3764 Faria
763 3716 842 3763 vero
864 3701 984 3783 quarta
998 3696 1149 3782 sequenti
1163 3696 1259 3762 venit
1272 3697 1395 3763 iterum

263 3861 269 3874 ,
347 3800 523 3867 susumus
544 3820 619 3866 eum
648 3798 796 3865 exercitu
818 3817 887 3875 auo,
911 3802 1041 3863 etcum
1065 3795 1245 3862 Christiani
1268 3797 1394 3865 vellent

347 3924 422 3969 eum
444 3922 483 3968 eo
504 3900 667 3990 oongredi,
689 3899 833 3967 velocius
854 3898 972 3965 retulit
992 3896 1131 3985 pedem;
1160 3902 1196 3963 et
1217 3899 1318 3964 tertie
1339 3899 1394 3966 die

348 4003 498 4090 sequenti
512 4003 620 4069 movit
634 4008 741 4068 eastra
763 4021 831 4078 sua,
845 4005 881 4067 at
901 4019 1007 4086 usqua
1020 3999 1064 4065 ed
1078 3999 1185 4065 looum
1201 3999 1258 4085 qui
1273 3999 1395 4067 dieitur

367 4204 373 4209 .
392 4203 583 4210 --ο-ο--σ--ι
591 4202 687 4210 ι-»ι-

383 4321 549 4389 'Rotemd
579 4321 845 4387 Phffipdnmu,
927 4318 1398 4386 ⁸Jmuofevmeauetmof

347 4401 438 4467 blahop
450 4401 621 4465 ducemur,
635 4404 790 4453 nto-121².
894 4399 1018 4451 methim
1028 4401 1140 4450 eunde.

927 4475 1081 4544 ⁴Rr'deasor]
1102 4476 1251 4542 Maioris,
1270 4479 1395 4534 Heroden

381 4560 391 4591 ²
408 4560 489 4611 Ernrd
500 4560 543 4618 11.
554 4567 632 4612 oount
641 4558 672 4610 of
678 4558 796 4612 ΜΝ,
895 4556 949 4620 (ed.
961 4555 1067 4620 suile).
