3270 5476
684 646 837 698 mosem.
1216 638 1281 703 119

63 817 183 917 gfff
233 813 374 880 Silviem
404 815 582 895 civitatem,
617 820 653 882 et
685 816 757 903 ipse
787 816 964 897 resederet,
996 823 1031 883 et
1062 817 1213 884 redderet
1250 816 1281 882 ei
1311 838 1432 885 norm

232 917 402 983 rastellum
425 918 512 1004 quod
534 922 672 1005 ceperat,
688 923 723 983 et
744 939 858 1005 paoem
880 918 1018 984 heberet
1032 941 1107 985 oum
1130 919 1187 985 illo
1209 941 1281 1006 sep·
1293 901 1406 997 {iffi

231 1021 300 1082 tem
322 1019 426 1083 annis
468 1019 566 1098 Quod
587 1040 661 1085 oum
683 1040 743 1084 rex
758 1019 1016 1106 Portingnlensis
1038 1021 1145 1087 faeere
1167 1021 1279 1099 nollet,
1291 1001 1449 1097 mim

231 1120 408 1206 praediotus
445 1121 624 1207 imperator
656 1120 829 1186 mandavit
866 1120 897 1186 ei
936 1121 1025 1207 quod
1062 1123 1099 1186 in
1136 1123 1278 1189 ornet-ino
1291 1103 1385 1147 Μ·

231 1221 363 1287 veniret
385 1221 575 1288 obsessurus
590 1221 749 1288 Sensim
771 1222 922 1288 Erenem.

131 1400 138 1415 ι
157 1332 180 1416 {²¹
276 1323 368 1389 Tunc
382 1344 442 1389 rex
456 1321 722 1410 Portingulensis,
743 1324 829 1390 inito
843 1324 979 1389 oonsilio
994 1346 1069 1390 oum
1086 1325 1278 1412 peregrinis,
1292 1354 1439 1410 emenone

230 1426 407 1491 eonstituit
436 1425 584 1497 homines
606 1447 681 1490 suos
712 1425 749 1489 in
780 1426 929 1492 turribus
951 1431 986 1491 et
1017 1427 1053 1491 in
1086 1427 1279 1494 fortioribus
1292 1408 1392 1500 mito

230 1526 483 1613 propugnaculis
515 1547 692 1592 murorum
739 1526 910 1613 Peregrini
940 1533 1053 1594 sutem
1088 1528 1130 1594 de
1153 1529 1278 1616 Anglio
1293 1506 1422 1553 ΝΜ·

230 1627 288 1712 qui
321 1626 363 1692 de
394 1627 536 1693 neribus
569 1627 637 1693 suis
659 1633 828 1707 venerant,
851 1626 1025 1694 debiliores
1058 1634 1169 1714 peries
1197 1630 1278 1696 eivi-

230 1728 310 1794 tetis
332 1729 397 1795 sibi
419 1729 595 1816 elegerunt,
617 1728 789 1794 andedam
810 1728 970 1794 hebentes
992 1751 1052 1816 pro
1074 1751 1176 1797 muro.

176 1875 183 1897 .
274 1830 316 1893 In
349 1830 493 1895 crastino
524 1834 646 1908 eutem,
670 1851 745 1896 oum
768 1851 880 1896 omnes
910 1836 1020 1896 essent
1052 1831 1211 1898 succincti
1234 1833 1277 1897 ad
1292 1835 1413 1890 W&

230 1930 362 2010 bellum,
385 1936 420 1997 et
445 1931 567 1996 olsmor
589 1936 675 1997 esset
709 1931 746 1995 in
776 1930 911 2012 foribus,
936 1931 1041 1997 “Jam
1059 1932 1132 2017 jem
1155 1934 1277 2010 reniet,
1291 1886 1429 1990 timis

231 2039 249 2069 “
271 2038 307 2100 et
328 2055 396 2098 non
419 2032 568 2098 tardabit
582 2030 617 2112 ;”
639 2037 775 2119 repente
799 2032 893 2098 venit
923 2033 1064 2099 nuncius
1086 2034 1144 2120 qui
1179 2034 1276 2115 dixit,
1291 2004 1418 2146 {ol-lli?

230 2140 250 2170 “
272 2133 458 2221 Imperator
479 2133 520 2199 de
544 2132 656 2198 Meroe
678 2138 830 2199 mortuus
855 2138 906 2199 est
930 2133 1002 2219 jem
1036 2134 1220 2213 triduanus,
1243 2142 1278 2202 et
1317 2116 1402 2149 moe.

230 2242 248 2270 “
271 2237 433 2303 exereitus
455 2234 526 2321 ejus
556 2233 669 2321 sugit''
714 2234 761 2300 Et
790 2234 898 2300 sdhuo
920 2234 977 2300 illo
1000 2234 1155 2321 loquente
1178 2257 1277 2302 rene·

228 2341 308 2402 runt
330 2336 406 2414 duo,
428 2335 547 2402 deinde
560 2339 639 2416 tres,
657 2335 776 2401 deinde
798 2336 915 2422 plures,
931 2335 1072 2403 eundem
1094 2358 1277 2404 sermonem

228 2437 382 2504 dieentes.
427 2437 577 2505 Credidit
599 2457 676 2524 ergo
697 2436 765 2502 illis
785 2458 846 2502 rex
868 2442 903 2502 et
934 2438 1106 2505 universus
1127 2438 1276 2525 populus,

227 2545 263 2605 et
284 2539 404 2605 civitae
425 2539 614 2626 replebatur
627 2538 748 2625 gaudio
763 2544 798 2604 et
820 2538 1032 2605 exultatione
1068 2539 1111 2604 In
1133 2540 1276 2607 erastino
1289 2561 1421 2609 nom

228 2645 340 2707 eutem
362 2641 457 2707 dedit
478 2662 537 2706 rex
560 2640 641 2706 viris
674 2639 716 2704 de
742 2639 884 2705 novibus
915 2640 1083 2706 licentiam
1114 2641 1274 2708 redeundi
1288 2612 1431 2709 mpure

226 2740 270 2806 ed
293 2763 500 2821 messuro,
524 2746 559 2807 et
588 2740 740 2827 promisit
768 2740 836 2807 illis
857 2741 946 2826 quod
980 2741 1065 2808 bene
1087 2712 1360 2830 temper-'¹¹¹⁹‘

226 2848 316 2910 seret
337 2842 385 2910 eis
406 2843 534 2910 lebores
556 2862 641 2908 suos

271 2944 337 3012 Sed
358 2949 539 3030 antequem
560 2943 610 3008 illi
632 2942 676 3008 ed
698 2963 800 3008 neres
822 2962 898 3007 suos
915 2942 1092 3023 venissent,
1109 2942 1275 3010 Robertus
1287 2957 1411 3004 emmor

225 3045 268 3111 ee
283 3045 408 3123 sabini
429 3051 465 3111 o
488 3044 649 3112 Riwdue
664 3044 706 3111 (ιο
721 3042 878 3111 cumve
899 3048 1066 3109 venerunt
1086 3044 1130 3109 ae
1146 3043 1274 3110 ornis
1286 3007 1427 3105 {limito

225 3147 346 3214 bonnm
369 3169 445 3215 oum
466 3151 641 3233 sexageno
661 3144 771 3212 tribue
792 3145 920 3232 mugnis
942 3143 1086 3210 novibus
1108 3144 1150 3211 de
1171 3146 1274 3213 sterio
1286 3113 1379 3205 Lithoi

225 3250 311 3336 regis
334 3249 485 3334 Angliae:
509 3247 648 3313 storium
671 3245 759 3312 idem
781 3250 832 3311 est
854 3246 944 3332 quod
966 3245 1145 3332 navigium.
1191 3247 1274 3329 Qui·

225 3351 302 3417 dom
323 3354 437 3417 eutem
458 3348 630 3416 hominurn
653 3349 712 3435 qui
733 3347 770 3412 in
792 3346 954 3413 oomitetu
976 3368 1088 3412 eorum
1110 3355 1273 3415 venerant

225 3451 449 3518 malefectores
466 3456 501 3517 et
522 3449 668 3538 perversi
690 3453 793 3515 erent
840 3447 907 3529 Qui
929 3448 1029 3514 etiem
1051 3453 1209 3516 exeuntes
1231 3451 1412 3546 dogm*

224 3553 367 3620 navibus
389 3553 457 3618 suis
486 3552 523 3616 in
545 3549 716 3618 civitatem
739 3548 948 3616 Ulixisbonae
978 3549 1206 3631 eeoenderunt,
1236 3557 1271 3618 et
1283 3506 1426 3601 ”mtto

224 3675 282 3740 per
304 3654 376 3719 vies
397 3658 432 3718 et
461 3652 551 3718 vioos
573 3651 762 3718 inoedentee
786 3651 925 3738 superbe
947 3651 1048 3716 locuti
1081 3656 1162 3717 sunt
1195 3604 1392 3718 cumrerum

222 3755 345 3843 populo
367 3754 520 3833 civitatis,
545 3758 581 3820 et
609 3773 685 3818 oum
713 3752 906 3818 mulieribus
928 3757 964 3818 et
994 3752 1126 3817 filiabus
1147 3753 1270 3820 civium

222 3856 374 3944 pervim
405 3855 609 3942 ooinquinsti
638 3857 728 3934 sunt,
751 3859 786 3919 et
807 3853 944 3920 Judoeos
966 3856 1002 3918 et
1034 3874 1188 3940 pegenos,
1211 3856 1270 3941 qui

222 3963 318 4024 erent
339 3956 387 4023 ibi
408 3956 495 4022 servi
517 3955 613 4042 regis,
636 3977 657 4019 e
688 3955 825 4021 civitate
855 3954 1066 4041 ingruerunt,
1089 3958 1124 4020 et
1155 3955 1268 4043 diripi-

223 4061 316 4125 entes
337 4057 425 4123 bons
446 4078 559 4123 eorum
583 4055 698 4122 domos
719 4076 833 4122 eorum
855 4055 1125 4136 combusserunt3
1145 4061 1181 4122 et
1194 4057 1268 4122 rin·

223 4159 349 4227 demine
370 4157 669 4235 vindemiaverunt,
693 4178 761 4222 non
782 4155 1007 4244 relinquentes
1029 4155 1066 4221 in
1098 4156 1146 4222 eis
1167 4179 1267 4223 uvam

223 4263 277 4328 vel
298 4281 471 4327 rsoemum.

55 4364 175 4461 ψ
268 4362 365 4445 Quod
387 4383 462 4427 oum
485 4360 555 4448 regi
576 4357 818 4446 Portingulensi
840 4358 1037 4424 nunciatum
1059 4361 1154 4436 esset,
1176 4358 1265 4424 velo·
1280 4382 1370 4428 naen

55 4418 101 4462 ⁸⁸²
139 4421 174 4468 ¹*
222 4465 292 4532 em
323 4462 469 4541 elveno,
501 4465 537 4528 e
566 4461 704 4527 invene
741 4459 790 4528 oe
821 4459 967 4528 neore
1006 4460 1047 4526 αθ
1079 4458 1193 4527 eblo
1231 4436 1389 4529 effi?
